2021-07-29 06:12:43.000000 	-184.000000	52.970606	-168.854670	192.787328	-0.047533	-0.000980	0.020349	0.403976	0.309082	0.509191	-0.162720	-0.025128	-0.008226	0.044445	0.280972	0.270897	0.604709
2021-07-29 06:12:44.000000 	-183.000000	52.970606	-168.854670	192.787328	-0.042972	-0.017296	0.021926	0.377281	0.288679	0.475561	-0.148882	-0.023124	0.008664	0.044908	0.262406	0.253012	0.564768
2021-07-29 06:12:45.000000 	-182.000000	52.970606	-168.854670	192.787328	-0.048417	-0.013397	0.029208	0.461931	0.353475	0.582284	-0.184196	-0.022401	0.003786	0.053486	0.321283	0.309800	0.691507
2021-07-29 06:12:46.000000 	-181.000000	52.970606	-168.854670	192.787328	-0.034483	-0.000587	0.010824	0.388188	0.297068	0.489347	-0.163711	-0.020582	-0.006090	0.029084	0.269994	0.260360	0.581133
2021-07-29 06:12:47.000000 	-180.000000	52.970606	-168.854670	192.787328	-0.059744	-0.019614	0.046255	0.432414	0.330938	0.545119	-0.159051	-0.021967	0.007696	0.074510	0.300756	0.290042	0.647363
2021-07-29 06:12:48.000000 	-179.000000	52.970606	-168.854670	192.787328	-0.046685	-0.004977	0.019457	0.384476	0.294271	0.484705	-0.153730	-0.025617	-0.004141	0.043697	0.267415	0.257904	0.575614
2021-07-29 06:12:49.000000 	-178.000000	52.970606	-168.854670	192.787328	-0.034607	-0.009865	0.028395	0.357608	0.273727	0.450849	-0.141525	-0.011529	0.002990	0.044265	0.248728	0.239896	0.535406
2021-07-29 06:12:50.000000 	-177.000000	52.970606	-168.854670	192.787328	-0.067705	-0.016205	0.028767	0.481993	0.368964	0.607689	-0.186209	-0.038208	0.002812	0.064857	0.335244	0.323359	0.721657
2021-07-29 06:12:51.000000 	-176.000000	52.970606	-168.854670	192.787328	-0.022205	-0.002484	0.007140	0.336764	0.257810	0.424603	-0.145288	-0.013476	-0.001855	0.019109	0.234232	0.225943	0.504231
2021-07-29 06:12:52.000000 	-175.000000	52.970606	-168.854670	192.787328	-0.041347	-0.007547	0.024983	0.380150	0.291046	0.479323	-0.151252	-0.018505	-0.000588	0.045254	0.264410	0.255067	0.569210
2021-07-29 06:12:53.000000 	-174.000000	52.970606	-168.854670	192.787328	-0.051608	-0.008693	0.025786	0.387201	0.296466	0.488232	-0.150313	-0.026236	-0.001447	0.052091	0.269315	0.259815	0.579786
2021-07-29 06:12:54.000000 	-173.000000	52.970606	-168.854670	192.787328	-0.046466	-0.013310	0.020683	0.439537	0.336563	0.554245	-0.177677	-0.025994	0.004077	0.045517	0.305719	0.294952	0.658175
2021-07-29 06:12:55.000000 	-172.000000	52.970606	-168.854670	192.787328	-0.045079	-0.009880	0.019010	0.403046	0.308644	0.508250	-0.162389	-0.025385	0.000980	0.042962	0.280339	0.270482	0.603552
2021-07-29 06:12:56.000000 	-171.000000	52.970606	-168.854670	192.787328	-0.036276	-0.012326	0.041998	0.345139	0.264320	0.435244	-0.129558	-0.005024	0.005082	0.056397	0.240062	0.231636	0.516853
2021-07-29 06:12:57.000000 	-170.000000	52.970606	-168.854670	192.787328	-0.046549	-0.009090	0.008155	0.436026	0.333950	0.549881	-0.181234	-0.032952	-0.000079	0.035072	0.303281	0.292653	0.652981
2021-07-29 06:12:58.000000 	-169.000000	52.970606	-168.854670	192.787328	-0.047989	-0.013316	0.037388	0.399035	0.305640	0.503248	-0.152115	-0.017127	0.003789	0.059753	0.277552	0.267842	0.597603
2021-07-29 06:12:59.000000 	-168.000000	52.970606	-168.854670	192.787328	-0.042995	-0.007796	0.014447	0.420828	0.322357	0.530753	-0.173404	-0.026179	-0.000662	0.037845	0.292712	0.282489	0.630261
2021-07-29 06:13:00.000000 	-167.000000	52.970606	-168.854670	192.787328	-0.037309	-0.004294	0.037216	0.362501	0.277699	0.457208	-0.140349	-0.007473	-0.002999	0.052255	0.252144	0.243352	0.542924
2021-07-29 06:13:01.000000 	-166.000000	52.970606	-168.854670	192.787328	-0.051930	-0.018975	0.017289	0.448402	0.343530	0.565573	-0.180133	-0.033191	0.008579	0.046695	0.311895	0.301037	0.671601
2021-07-29 06:13:02.000000 	-165.000000	52.970606	-168.854670	192.787328	-0.044754	-0.013581	0.028743	0.353529	0.270866	0.445925	-0.135330	-0.019841	0.004674	0.050971	0.245905	0.237359	0.529520
2021-07-29 06:13:03.000000 	-164.000000	52.970606	-168.854670	192.787328	-0.033898	0.000565	0.017569	0.442779	0.339272	0.558522	-0.186955	-0.015883	-0.007106	0.033990	0.307986	0.297301	0.663221
2021-07-29 06:13:04.000000 	-163.000000	52.970606	-168.854670	192.787328	-0.050393	-0.024879	0.034121	0.475597	0.364446	0.599941	-0.186131	-0.022762	0.014669	0.059911	0.330816	0.319357	0.712401
2021-07-29 06:13:05.000000 	-162.000000	52.970606	-168.854670	192.787328	-0.059452	-0.003428	0.027442	0.315578	0.241842	0.398100	-0.113958	-0.030570	-0.008129	0.057435	0.219511	0.211920	0.472722
2021-07-29 06:13:06.000000 	-161.000000	52.970606	-168.854670	192.787328	-0.029469	0.004166	0.013907	0.365000	0.279738	0.460464	-0.154322	-0.014064	-0.009784	0.028030	0.253889	0.245125	0.546772
2021-07-29 06:13:07.000000 	-160.000000	52.970606	-168.854670	192.787328	-0.049361	-0.023626	0.033518	0.418890	0.321063	0.528468	-0.160607	-0.022123	0.013639	0.058674	0.291376	0.281334	0.627519
2021-07-29 06:13:08.000000 	-159.000000	52.970606	-168.854670	192.787328	-0.047278	-0.013060	0.022361	0.393308	0.301478	0.496213	-0.155359	-0.025580	0.003675	0.047307	0.273583	0.264170	0.589215
2021-07-29 06:13:09.000000 	-158.000000	52.970606	-168.854670	192.787328	-0.036155	0.000448	0.022744	0.435134	0.333563	0.549002	-0.180676	-0.014553	-0.007428	0.039468	0.302678	0.292282	0.651895
2021-07-29 06:13:10.000000 	-157.000000	52.970606	-168.854670	192.787328	-0.044057	-0.017070	0.021572	0.420036	0.322014	0.529973	-0.168569	-0.024151	0.008232	0.045241	0.292177	0.282159	0.629296
2021-07-29 06:13:11.000000 	-156.000000	52.970606	-168.854670	192.787328	-0.049591	-0.009503	0.035761	0.410567	0.314778	0.518045	-0.158127	-0.018773	-0.000262	0.058957	0.285592	0.275816	0.615129
2021-07-29 06:13:12.000000 	-155.000000	52.970606	-168.854670	192.787328	-0.040245	-0.010700	0.006351	0.347306	0.266296	0.438239	-0.142713	-0.029349	0.002719	0.030096	0.241589	0.233332	0.520364
2021-07-29 06:13:13.000000 	-154.000000	52.970606	-168.854670	192.787328	-0.051835	-0.007065	0.035118	0.406533	0.311731	0.512992	-0.156041	-0.020543	-0.003088	0.059485	0.282789	0.273141	0.609123
2021-07-29 06:13:14.000000 	-153.000000	52.970606	-168.854670	192.787328	-0.026323	-0.002490	0.023456	0.415686	0.318773	0.524562	-0.174364	-0.006877	-0.002645	0.034569	0.289157	0.279309	0.622857
2021-07-29 06:13:15.000000 	-152.000000	52.970606	-168.854670	192.787328	-0.063937	-0.025389	0.041771	0.408065	0.312953	0.514965	-0.146963	-0.028843	0.012551	0.074081	0.283858	0.274207	0.611458
2021-07-29 06:13:16.000000 	-151.000000	52.970606	-168.854670	192.787328	-0.036924	-0.000419	0.018665	0.370064	0.283830	0.467026	-0.151606	-0.017746	-0.006726	0.036767	0.257425	0.248687	0.554533
2021-07-29 06:13:17.000000 	-150.000000	52.970606	-168.854670	192.787328	-0.043596	-0.016086	0.013806	0.412887	0.316698	0.521087	-0.168424	-0.028316	0.007356	0.038654	0.287215	0.277483	0.618721
2021-07-29 06:13:18.000000 	-149.000000	52.970606	-168.854670	192.787328	-0.029084	-0.003134	0.024362	0.349116	0.267803	0.440621	-0.142127	-0.008593	-0.002547	0.036998	0.242856	0.234640	0.523175
2021-07-29 06:13:19.000000 	-148.000000	52.970606	-168.854670	192.787328	-0.055288	-0.007053	0.026230	0.393867	0.302154	0.497121	-0.152169	-0.028598	-0.003767	0.054430	0.273988	0.264735	0.590257
2021-07-29 06:13:20.000000 	-147.000000	52.970606	-168.854670	192.787328	-0.035190	-0.012570	0.028254	0.392579	0.301188	0.495513	-0.157217	-0.012488	0.005530	0.044812	0.273093	0.263887	0.588345
2021-07-29 06:13:21.000000 	-146.000000	52.970606	-168.854670	192.787328	-0.059501	-0.008460	0.021758	0.353596	0.271301	0.446325	-0.133161	-0.034808	-0.003201	0.053512	0.245976	0.237698	0.529939
2021-07-29 06:13:22.000000 	-145.000000	52.970606	-168.854670	192.787328	-0.036509	-0.020289	0.042247	0.467292	0.358562	0.589859	-0.184771	-0.006285	0.012850	0.057661	0.325070	0.314149	0.700359
2021-07-29 06:13:23.000000 	-144.000000	52.970606	-168.854670	192.787328	-0.068111	-0.007961	0.031823	0.454855	0.349045	0.574181	-0.173590	-0.035413	-0.005355	0.066577	0.316420	0.305808	0.681739
2021-07-29 06:13:24.000000 	-143.000000	52.970606	-168.854670	192.787328	-0.033122	-0.004598	0.012634	0.310493	0.238283	0.391962	-0.126929	-0.019044	-0.001891	0.030192	0.215996	0.208764	0.465384
2021-07-29 06:13:25.000000 	-142.000000	52.970606	-168.854670	192.787328	-0.045797	-0.013057	0.033972	0.421593	0.323569	0.532233	-0.164759	-0.017427	0.003958	0.055701	0.293285	0.283482	0.631926
2021-07-29 06:13:26.000000 	-141.000000	52.970606	-168.854670	192.787328	-0.046181	-0.011559	0.027256	0.369731	0.283786	0.466777	-0.143266	-0.021542	0.002414	0.050392	0.257208	0.248626	0.554207
2021-07-29 06:13:27.000000 	-140.000000	52.970606	-168.854670	192.787328	-0.046001	-0.011401	0.034377	0.444024	0.340835	0.560591	-0.175217	-0.017088	0.002294	0.055952	0.308893	0.298604	0.665589
2021-07-29 06:13:28.000000 	-139.000000	52.970606	-168.854670	192.787328	-0.041891	-0.012334	0.018130	0.370202	0.284190	0.467406	-0.148279	-0.023797	0.004004	0.040662	0.257539	0.248975	0.554947
2021-07-29 06:13:29.000000 	-138.000000	52.970606	-168.854670	192.787328	-0.040256	-0.000988	0.022642	0.439439	0.337366	0.554843	-0.181100	-0.018048	-0.006812	0.041977	0.305707	0.295560	0.658757
2021-07-29 06:13:30.000000 	-137.000000	52.970606	-168.854670	192.787328	-0.034021	-0.008741	0.010013	0.392072	0.301024	0.495055	-0.164805	-0.021967	0.002000	0.029113	0.272757	0.263719	0.587769
2021-07-29 06:13:31.000000 	-136.000000	52.970606	-168.854670	192.787328	-0.059500	-0.013922	0.027982	0.357996	0.274882	0.452045	-0.132194	-0.031902	0.002158	0.059116	0.249053	0.240815	0.536701
2021-07-29 06:13:32.000000 	-135.000000	52.970606	-168.854670	192.787328	-0.044464	-0.009246	0.037804	0.456616	0.350632	0.576594	-0.180652	-0.013487	0.000477	0.057529	0.317663	0.307174	0.684571
2021-07-29 06:13:33.000000 	-134.000000	52.970606	-168.854670	192.787328	-0.054746	-0.024089	0.040772	0.399992	0.307174	0.505110	-0.147173	-0.022044	0.013053	0.067701	0.278272	0.269099	0.599697
2021-07-29 06:13:34.000000 	-133.000000	52.970606	-168.854670	192.787328	-0.037245	0.001517	0.018423	0.394305	0.302830	0.497947	-0.163156	-0.017844	-0.008688	0.036538	0.274317	0.265291	0.591189
2021-07-29 06:13:35.000000 	-132.000000	52.970606	-168.854670	192.787328	-0.059223	-0.015206	0.045131	0.380497	0.292247	0.480527	-0.136269	-0.021555	0.003472	0.072792	0.264713	0.256018	0.570504
2021-07-29 06:13:36.000000 	-131.000000	52.970606	-168.854670	192.787328	-0.035604	-0.009829	0.002856	0.395440	0.303746	0.499416	-0.168223	-0.027684	0.002761	0.024461	0.275110	0.266089	0.592927
2021-07-29 06:13:37.000000 	-130.000000	52.970606	-168.854670	192.787328	-0.039947	-0.002492	0.043530	0.411557	0.316150	0.519790	-0.160112	-0.005459	-0.005277	0.058644	0.286325	0.276953	0.617112
2021-07-29 06:13:38.000000 	-129.000000	52.970606	-168.854670	192.787328	-0.040601	-0.006633	0.011246	0.449059	0.344984	0.567176	-0.188816	-0.026053	-0.001340	0.033740	0.312418	0.302210	0.673366
2021-07-29 06:13:39.000000 	-128.000000	52.970606	-168.854670	192.787328	-0.054005	-0.015864	0.036323	0.324474	0.249292	0.409835	-0.115273	-0.022873	0.005125	0.062754	0.225743	0.218380	0.486564
2021-07-29 06:13:40.000000 	-127.000000	52.970606	-168.854670	192.787328	-0.031334	-0.007247	0.015627	0.412152	0.316678	0.520598	-0.173262	-0.016250	0.001054	0.031833	0.286744	0.277408	0.618061
2021-07-29 06:13:41.000000 	-126.000000	52.970606	-168.854670	192.787328	-0.057402	-0.011884	0.033881	0.393844	0.302634	0.497491	-0.147888	-0.026391	0.000564	0.062348	0.274009	0.265103	0.590624
2021-07-29 06:13:42.000000 	-125.000000	52.970606	-168.854670	192.787328	-0.043980	-0.008589	0.041443	0.382747	0.294129	0.483491	-0.145239	-0.010816	-0.000074	0.060071	0.266290	0.257651	0.574000
2021-07-29 06:13:43.000000 	-124.000000	52.970606	-168.854670	192.787328	-0.046079	-0.019781	0.014054	0.451817	0.347234	0.570762	-0.184960	-0.030681	0.010501	0.040749	0.314347	0.304166	0.677605
2021-07-29 06:13:44.000000 	-123.000000	52.970606	-168.854670	192.787328	-0.053428	0.000303	0.032120	0.437435	0.336206	0.552614	-0.172067	-0.022459	-0.010625	0.057176	0.304343	0.294504	0.656056
2021-07-29 06:13:45.000000 	-122.000000	52.970606	-168.854670	192.787328	-0.046661	-0.018008	0.027274	0.326419	0.250899	0.412382	-0.121914	-0.022902	0.008649	0.051441	0.227106	0.219777	0.489571
2021-07-29 06:13:46.000000 	-121.000000	52.970606	-168.854670	192.787328	-0.032685	-0.001593	0.030673	0.420933	0.323571	0.531805	-0.172084	-0.007375	-0.004755	0.043985	0.292866	0.283431	0.631345
2021-07-29 06:13:47.000000 	-120.000000	52.970606	-168.854670	192.787328	-0.057735	-0.012845	0.026804	0.370739	0.285008	0.468407	-0.139446	-0.031062	0.001443	0.057007	0.257945	0.249650	0.556076
2021-07-29 06:13:48.000000 	-119.000000	52.970606	-168.854670	192.787328	-0.037613	-0.013636	0.017819	0.385091	0.296064	0.486557	-0.156669	-0.020834	0.006108	0.038037	0.267932	0.259332	0.577621
2021-07-29 06:13:49.000000 	-118.000000	52.970606	-168.854670	192.787328	-0.053044	-0.008688	0.035822	0.439327	0.337787	0.555104	-0.170445	-0.021316	-0.001729	0.060951	0.305670	0.295876	0.658993
2021-07-29 06:13:50.000000 	-117.000000	52.970606	-168.854670	192.787328	-0.039350	-0.001993	0.014042	0.423445	0.325600	0.535056	-0.177085	-0.022673	-0.005651	0.034693	0.294622	0.285199	0.635190
2021-07-29 06:13:51.000000 	-116.000000	52.970606	-168.854670	192.787328	-0.033284	-0.014983	0.031797	0.365221	0.280851	0.461502	-0.143497	-0.009233	0.008267	0.046795	0.254113	0.246000	0.547867
2021-07-29 06:13:52.000000 	-115.000000	52.970606	-168.854670	192.787328	-0.067726	-0.013321	0.042139	0.457879	0.352130	0.578606	-0.170648	-0.029727	-0.000021	0.075209	0.318584	0.308431	0.686883
2021-07-29 06:13:53.000000 	-114.000000	52.970606	-168.854670	192.787328	-0.027852	-0.006764	0.011754	0.334348	0.257148	0.422520	-0.139930	-0.015781	0.001252	0.026627	0.232636	0.225235	0.501584
2021-07-29 06:13:54.000000 	-113.000000	52.970606	-168.854670	192.787328	-0.054973	-0.007402	0.044318	0.363727	0.279765	0.459662	-0.131503	-0.017512	-0.003364	0.068723	0.253079	0.245042	0.545674
2021-07-29 06:13:55.000000 	-112.000000	52.970606	-168.854670	192.787328	-0.047908	-0.010061	0.042085	0.462938	0.356101	0.585063	-0.180692	-0.013733	0.000610	0.063076	0.322112	0.311902	0.694536
2021-07-29 06:13:56.000000 	-111.000000	52.970606	-168.854670	192.787328	-0.055561	-0.013693	0.037210	0.379908	0.292255	0.480146	-0.140599	-0.023224	0.002695	0.064129	0.264341	0.255978	0.569984
2021-07-29 06:13:57.000000 	-110.000000	52.970606	-168.854670	192.787328	-0.038920	-0.005055	0.024801	0.384744	0.295998	0.486276	-0.154837	-0.016329	-0.002564	0.043385	0.267709	0.259254	0.577258
2021-07-29 06:13:58.000000 	-109.000000	52.970606	-168.854670	192.787328	-0.026799	-0.001445	-0.008018	0.405990	0.312366	0.513146	-0.181564	-0.026043	-0.003762	0.009602	0.282494	0.273588	0.609152
2021-07-29 06:13:59.000000 	-108.000000	52.970606	-168.854670	192.787328	-0.062737	-0.021755	0.054059	0.413376	0.318073	0.522500	-0.145963	-0.019942	0.009218	0.082758	0.287635	0.278584	0.620252
2021-07-29 06:14:00.000000 	-107.000000	52.970606	-168.854670	192.787328	-0.037891	-0.009221	0.027209	0.412301	0.317270	0.521160	-0.166459	-0.014716	0.001723	0.045184	0.286890	0.277878	0.618658
2021-07-29 06:14:01.000000 	-106.000000	52.970606	-168.854670	192.787328	-0.048497	-0.007331	0.027746	0.403138	0.310242	0.509596	-0.158506	-0.022408	-0.002182	0.051659	0.280516	0.271721	0.604927
2021-07-29 06:14:02.000000 	-105.000000	52.970606	-168.854670	192.787328	-0.033771	-0.005478	0.022856	0.449767	0.346152	0.568558	-0.187500	-0.013533	-0.001153	0.038839	0.312964	0.303169	0.674916
2021-07-29 06:14:03.000000 	-104.000000	52.970606	-168.854670	192.787328	-0.051358	-0.014129	0.023365	0.351903	0.270854	0.444862	-0.134151	-0.028337	0.003935	0.050643	0.244869	0.237219	0.528078
2021-07-29 06:14:04.000000 	-103.000000	52.970606	-168.854670	192.787328	-0.040987	-0.008230	0.025410	0.430265	0.331193	0.543944	-0.174552	-0.018071	0.000152	0.045461	0.299399	0.290063	0.645690
2021-07-29 06:14:05.000000 	-102.000000	52.970606	-168.854670	192.787328	-0.044514	-0.007951	0.035439	0.331238	0.254987	0.418768	-0.123516	-0.014751	-0.000803	0.055519	0.230493	0.223319	0.497097
2021-07-29 06:14:06.000000 	-101.000000	52.970606	-168.854670	192.787328	-0.048531	-0.005956	0.036142	0.411024	0.316430	0.519656	-0.159234	-0.017167	-0.003537	0.058222	0.286014	0.277128	0.616852
2021-07-29 06:14:07.000000 	-100.000000	52.970606	-168.854670	192.787328	-0.044353	-0.008879	0.037042	0.384808	0.296270	0.486529	-0.147765	-0.013803	0.000138	0.056812	0.267774	0.259470	0.577525
2021-07-29 06:14:08.000000 	-99.000000	52.970606	-168.854670	192.787328	-0.046069	-0.014291	0.021826	0.416762	0.320896	0.526948	-0.166837	-0.025146	0.005116	0.046309	0.290012	0.281035	0.625501
2021-07-29 06:14:09.000000 	-98.000000	52.970606	-168.854670	192.787328	-0.056525	-0.016096	0.032285	0.381706	0.293926	0.482641	-0.142562	-0.027315	0.004866	0.061047	0.265620	0.257413	0.572904
2021-07-29 06:14:10.000000 	-97.000000	52.970606	-168.854670	192.787328	-0.038958	-0.002913	0.008857	0.428549	0.330021	0.541889	-0.181407	-0.025630	-0.004672	0.030429	0.298219	0.289022	0.643229
2021-07-29 06:14:11.000000 	-96.000000	52.970606	-168.854670	192.787328	-0.035878	-0.008342	0.025117	0.349077	0.268842	0.441415	-0.138759	-0.014263	0.001250	0.042222	0.242918	0.235441	0.523962
2021-07-29 06:14:12.000000 	-95.000000	52.970606	-168.854670	192.787328	-0.048612	-0.009222	0.052778	0.409108	0.315098	0.517343	-0.151468	-0.007716	-0.000349	0.071931	0.284695	0.275948	0.614086
2021-07-29 06:14:13.000000 	-94.000000	52.970606	-168.854670	192.787328	-0.040638	-0.009685	0.025881	0.398210	0.306727	0.503579	-0.159408	-0.017739	0.001647	0.045800	0.277114	0.268615	0.597745
2021-07-29 06:14:14.000000 	-93.000000	52.970606	-168.854670	192.787328	-0.052490	-0.017215	0.040541	0.420144	0.323647	0.531336	-0.158693	-0.019355	0.006744	0.065383	0.292380	0.283430	0.630688
2021-07-29 06:14:15.000000 	-92.000000	52.970606	-168.854670	192.787328	-0.047474	-0.001236	0.013116	0.384770	0.296420	0.486617	-0.156599	-0.029477	-0.007964	0.038665	0.267765	0.259584	0.577604
2021-07-29 06:14:16.000000 	-91.000000	52.970606	-168.854670	192.787328	-0.029643	-0.006903	0.024101	0.336030	0.258891	0.424990	-0.135502	-0.009769	0.001043	0.037560	0.233849	0.226717	0.504452
2021-07-29 06:14:17.000000 	-90.000000	52.970606	-168.854670	192.787328	-0.060529	-0.010015	0.039322	0.428215	0.329939	0.541599	-0.161098	-0.025275	-0.001874	0.068322	0.298004	0.288933	0.642860
2021-07-29 06:14:18.000000 	-89.000000	52.970606	-168.854670	192.787328	-0.032425	-0.013402	0.020320	0.389560	0.300178	0.492727	-0.159741	-0.015229	0.006882	0.036941	0.271106	0.262869	0.584846
2021-07-29 06:14:19.000000 	-88.000000	52.970606	-168.854670	192.787328	-0.053862	-0.010701	0.041718	0.350010	0.269724	0.442719	-0.126088	-0.018716	0.000088	0.066375	0.243584	0.236198	0.525486
2021-07-29 06:14:20.000000 	-87.000000	52.970606	-168.854670	192.787328	-0.040575	-0.005658	0.017914	0.412464	0.317875	0.521732	-0.169650	-0.021866	-0.002292	0.038934	0.287050	0.278362	0.619267
2021-07-29 06:14:21.000000 	-86.000000	52.970606	-168.854670	192.787328	-0.054568	-0.014458	0.042468	0.429525	0.331049	0.543333	-0.162045	-0.019397	0.003637	0.067829	0.298927	0.289896	0.644903
2021-07-29 06:14:22.000000 	-85.000000	52.970606	-168.854670	192.787328	-0.043065	-0.018190	0.037963	0.403068	0.310681	0.509883	-0.154902	-0.013676	0.009523	0.057870	0.280517	0.272058	0.605197
2021-07-29 06:14:23.000000 	-84.000000	52.970606	-168.854670	192.787328	-0.035833	0.002000	0.008367	0.372034	0.286782	0.470641	-0.157198	-0.022720	-0.008889	0.027620	0.258920	0.251128	0.558615
2021-07-29 06:14:24.000000 	-83.000000	52.970606	-168.854670	192.787328	-0.058304	-0.012041	0.032544	0.457991	0.353069	0.579401	-0.178031	-0.027927	0.000544	0.061832	0.318746	0.309171	0.687702
2021-07-29 06:14:25.000000 	-82.000000	52.970606	-168.854670	192.787328	-0.032377	0.002727	0.038956	0.357364	0.275516	0.452114	-0.140165	-0.001479	-0.008934	0.049913	0.248715	0.241258	0.536619
2021-07-29 06:14:26.000000 	-81.000000	52.970606	-168.854670	192.787328	-0.072798	-0.018957	0.042696	0.355902	0.274409	0.450280	-0.120035	-0.034233	0.004528	0.079306	0.247700	0.240287	0.534440
2021-07-29 06:14:27.000000 	-80.000000	52.970606	-168.854670	192.787328	-0.028218	-0.004202	0.007199	0.431293	0.332563	0.545682	-0.186945	-0.018415	-0.001332	0.022910	0.300173	0.291207	0.647669
2021-07-29 06:14:28.000000 	-79.000000	52.970606	-168.854670	192.787328	-0.045874	-0.006280	0.032316	0.396220	0.305542	0.501324	-0.154759	-0.017440	-0.002706	0.053635	0.275765	0.267544	0.595017
2021-07-29 06:14:29.000000 	-78.000000	52.970606	-168.854670	192.787328	-0.038838	-0.008625	0.029763	0.390700	0.301308	0.494357	-0.155306	-0.013828	0.000955	0.047712	0.271926	0.263835	0.586745
2021-07-29 06:14:30.000000 	-77.000000	52.970606	-168.854670	192.787328	-0.044041	-0.013190	0.010158	0.376235	0.290175	0.476071	-0.153185	-0.030414	0.004428	0.035667	0.261861	0.254084	0.565038
2021-07-29 06:14:31.000000 	-76.000000	52.970606	-168.854670	192.787328	-0.049427	-0.011281	0.047087	0.413793	0.319166	0.523612	-0.155311	-0.012098	0.001515	0.068109	0.288004	0.279467	0.621460
2021-07-29 06:14:32.000000 	-75.000000	52.970606	-168.854670	192.787328	-0.035366	-0.006189	0.023459	0.344809	0.265977	0.436335	-0.137962	-0.014528	-0.000764	0.040344	0.239992	0.232892	0.517871
2021-07-29 06:14:33.000000 	-74.000000	52.970606	-168.854670	192.787328	-0.058311	-0.009074	0.042687	0.378887	0.292286	0.479475	-0.137820	-0.021367	-0.002369	0.069589	0.263714	0.255927	0.569069
2021-07-29 06:14:34.000000 	-73.000000	52.970606	-168.854670	192.787328	-0.041306	0.000934	0.021753	0.404773	0.312280	0.512252	-0.165392	-0.019110	-0.008901	0.041664	0.281734	0.273431	0.607967
2021-07-29 06:14:35.000000 	-72.000000	52.970606	-168.854670	192.787328	-0.035403	-0.016220	0.022713	0.404442	0.312048	0.511851	-0.164294	-0.016555	0.009071	0.040939	0.281506	0.273226	0.607487
2021-07-29 06:14:36.000000 	-71.000000	52.970606	-168.854670	192.787328	-0.073273	-0.022243	0.058722	0.386927	0.298557	0.489701	-0.127958	-0.025461	0.007660	0.092763	0.269318	0.261411	0.581195
2021-07-29 06:14:37.000000 	-70.000000	52.970606	-168.854670	192.787328	-0.025102	0.013824	0.023196	0.421794	0.325485	0.533847	-0.180229	-0.003559	-0.018415	0.031740	0.293589	0.284987	0.633586
2021-07-29 06:14:38.000000 	-69.000000	52.970606	-168.854670	192.787328	-0.048310	-0.018638	0.017754	0.344187	0.265619	0.435638	-0.133054	-0.030024	0.008949	0.044888	0.239574	0.232568	0.517026
2021-07-29 06:14:39.000000 	-68.000000	52.970606	-168.854670	192.787328	-0.055429	-0.013276	0.053271	0.413199	0.318902	0.523004	-0.150244	-0.013384	0.002312	0.076824	0.287612	0.279218	0.620711
2021-07-29 06:14:40.000000 	-67.000000	52.970606	-168.854670	192.787328	-0.040800	0.003605	0.013682	0.392562	0.302997	0.496900	-0.163255	-0.023161	-0.011424	0.034610	0.273250	0.265291	0.589726
2021-07-29 06:14:41.000000 	-66.000000	52.970606	-168.854670	192.787328	-0.041788	-0.011019	0.034469	0.407971	0.314914	0.516422	-0.160176	-0.013674	0.002734	0.053491	0.283979	0.275723	0.612891
2021-07-29 06:14:42.000000 	-65.000000	52.970606	-168.854670	192.787328	-0.044150	-0.012498	0.014149	0.393045	0.303417	0.497546	-0.159683	-0.027989	0.003728	0.038837	0.273592	0.265654	0.590486
2021-07-29 06:14:43.000000 	-64.000000	52.970606	-168.854670	192.787328	-0.052066	-0.005851	0.046707	0.431331	0.332998	0.546030	-0.163519	-0.013557	-0.004324	0.068733	0.300246	0.291551	0.648023
2021-07-29 06:14:44.000000 	-63.000000	52.970606	-168.854670	192.787328	-0.046330	-0.000605	0.018412	0.363544	0.280686	0.460233	-0.145372	-0.025295	-0.008362	0.042144	0.253062	0.245748	0.546197
2021-07-29 06:14:45.000000 	-62.000000	52.970606	-168.854670	192.787328	-0.049786	-0.023277	0.048575	0.358115	0.276515	0.453374	-0.126783	-0.013335	0.013214	0.070905	0.249285	0.242094	0.538054
2021-07-29 06:14:46.000000 	-61.000000	52.970606	-168.854670	192.787328	-0.045814	-0.003555	0.018474	0.458722	0.354224	0.580763	-0.189457	-0.025308	-0.005367	0.042232	0.319321	0.310128	0.689232
2021-07-29 06:14:47.000000 	-60.000000	52.970606	-168.854670	192.787328	-0.039367	-0.007949	0.039969	0.406289	0.313760	0.514398	-0.158629	-0.007992	0.000190	0.056095	0.282825	0.274699	0.610468
2021-07-29 06:14:48.000000 	-59.000000	52.970606	-168.854670	192.787328	-0.037964	-0.006917	0.017264	0.379940	0.293434	0.481054	-0.155594	-0.020407	-0.000552	0.037019	0.264486	0.256902	0.570894
2021-07-29 06:14:49.000000 	-58.000000	52.970606	-168.854670	192.787328	-0.047268	-0.006735	0.035574	0.386850	0.298793	0.489819	-0.148658	-0.016639	-0.002529	0.057113	0.269299	0.261591	0.581292
2021-07-29 06:14:50.000000 	-57.000000	52.970606	-168.854670	192.787328	-0.045899	-0.005760	0.012235	0.361522	0.279252	0.457765	-0.146108	-0.029472	-0.003220	0.037558	0.251670	0.244481	0.543249
2021-07-29 06:14:51.000000 	-56.000000	52.970606	-168.854670	192.787328	-0.039318	-0.010163	0.034485	0.465854	0.359869	0.589892	-0.188080	-0.011597	0.002371	0.051945	0.324303	0.315058	0.700046
2021-07-29 06:14:52.000000 	-55.000000	52.970606	-168.854670	192.787328	-0.063290	-0.017625	0.049032	0.342755	0.264796	0.434031	-0.115450	-0.022764	0.005059	0.078591	0.238610	0.231822	0.515077
2021-07-29 06:14:53.000000 	-54.000000	52.970606	-168.854670	192.787328	-0.038672	-0.012906	0.033606	0.351449	0.271534	0.445056	-0.135050	-0.012044	0.005187	0.051181	0.244665	0.237719	0.528158
2021-07-29 06:14:54.000000 	-53.000000	52.970606	-168.854670	192.787328	-0.055183	0.002251	0.027964	0.411819	0.318201	0.521523	-0.161466	-0.026035	-0.012876	0.054668	0.286696	0.278572	0.618899
2021-07-29 06:14:55.000000 	-52.000000	52.970606	-168.854670	192.787328	-0.048944	-0.011938	0.039068	0.448061	0.346230	0.567438	-0.174457	-0.016651	0.002252	0.061498	0.311929	0.303108	0.673384
2021-07-29 06:14:56.000000 	-51.000000	52.970606	-168.854670	192.787328	-0.039325	0.000580	0.034934	0.400955	0.309854	0.507799	-0.159368	-0.009674	-0.008170	0.051057	0.279139	0.271260	0.602606
2021-07-29 06:14:57.000000 	-50.000000	52.970606	-168.854670	192.787328	-0.038994	-0.011948	0.022919	0.384936	0.297497	0.487527	-0.154684	-0.018585	0.004185	0.042728	0.267989	0.260441	0.578546
2021-07-29 06:14:58.000000 	-49.000000	52.970606	-168.854670	192.787328	-0.042419	-0.012406	0.022680	0.365170	0.282243	0.462509	-0.144285	-0.021482	0.003973	0.044614	0.254231	0.247085	0.548855
2021-07-29 06:14:59.000000 	-48.000000	52.970606	-168.854670	192.787328	-0.049295	-0.008547	0.038442	0.418776	0.323700	0.530422	-0.161474	-0.016780	-0.001143	0.060811	0.291555	0.283375	0.629442
2021-07-29 06:15:00.000000 	-47.000000	52.970606	-168.854670	192.787328	-0.041505	-0.008941	0.024974	0.413431	0.319593	0.523669	-0.166766	-0.018850	0.000749	0.045502	0.287836	0.279778	0.621425
2021-07-29 06:15:01.000000 	-46.000000	52.970606	-168.854670	192.787328	-0.059103	-0.016330	0.030918	0.373514	0.288758	0.473124	-0.138374	-0.030194	0.004597	0.061506	0.260048	0.252782	0.561441
2021-07-29 06:15:02.000000 	-45.000000	52.970606	-168.854670	192.787328	-0.051319	-0.008696	0.030182	0.415566	0.321292	0.526409	-0.162330	-0.023362	-0.001388	0.055430	0.289329	0.281261	0.624668
2021-07-29 06:15:03.000000 	-44.000000	52.970606	-168.854670	192.787328	-0.028846	-0.004818	0.042136	0.409328	0.316494	0.518524	-0.163289	0.002037	-0.000849	0.051243	0.284989	0.277058	0.615308
2021-07-29 06:15:04.000000 	-43.000000	52.970606	-168.854670	192.787328	-0.066576	-0.013576	0.045980	0.391784	0.302952	0.496317	-0.138945	-0.026552	0.000451	0.077625	0.272777	0.265202	0.588953
2021-07-29 06:15:05.000000 	-42.000000	52.970606	-168.854670	192.787328	-0.038549	-0.006822	0.015730	0.358535	0.277263	0.454212	-0.146052	-0.021774	-0.000758	0.036129	0.249631	0.242712	0.538986
2021-07-29 06:15:06.000000 	-41.000000	52.970606	-168.854670	192.787328	-0.035560	-0.002600	0.034384	0.358923	0.277584	0.454717	-0.140929	-0.007547	-0.004322	0.048764	0.249903	0.242991	0.539583
2021-07-29 06:15:07.000000 	-40.000000	52.970606	-168.854670	192.787328	-0.052387	-0.014374	0.033730	0.449539	0.347692	0.569538	-0.175582	-0.022938	0.003977	0.059554	0.312999	0.304360	0.675829
2021-07-29 06:15:08.000000 	-39.000000	52.970606	-168.854670	192.787328	-0.046414	-0.009987	0.028608	0.371166	0.287097	0.470260	-0.143843	-0.020668	0.000827	0.051426	0.258434	0.251315	0.558020
2021-07-29 06:15:09.000000 	-38.000000	52.970606	-168.854670	192.787328	-0.053651	-0.013071	0.044091	0.403608	0.312214	0.511380	-0.150049	-0.017487	0.002454	0.068421	0.281025	0.273300	0.606810
2021-07-29 06:15:10.000000 	-37.000000	52.970606	-168.854670	192.787328	-0.034587	0.004948	0.017163	0.377316	0.291898	0.478083	-0.157414	-0.015991	-0.011540	0.033562	0.262721	0.255514	0.567296
2021-07-29 06:15:11.000000 	-36.000000	52.970606	-168.854670	192.787328	-0.053549	-0.019151	0.042638	0.399559	0.309130	0.506283	-0.147792	-0.019221	0.008438	0.067909	0.278212	0.270596	0.600755
2021-07-29 06:15:12.000000 	-35.000000	52.970606	-168.854670	192.787328	-0.047795	-0.008193	0.039552	0.404929	0.313309	0.513105	-0.155237	-0.014881	-0.001200	0.060769	0.281955	0.274252	0.608847
2021-07-29 06:15:13.000000 	-34.000000	52.970606	-168.854670	192.787328	-0.042161	-0.007056	0.016818	0.405331	0.313644	0.513631	-0.166109	-0.023984	-0.001226	0.039159	0.282238	0.274543	0.609468
2021-07-29 06:15:14.000000 	-33.000000	52.970606	-168.854670	192.787328	-0.045743	-0.005290	0.041549	0.427316	0.330681	0.541508	-0.166060	-0.011624	-0.003652	0.060813	0.297550	0.289455	0.642542
2021-07-29 06:15:15.000000 	-32.000000	52.970606	-168.854670	192.787328	-0.039285	-0.012768	0.026036	0.358716	0.277616	0.454591	-0.141148	-0.017061	0.004934	0.045483	0.249785	0.243003	0.539405
2021-07-29 06:15:16.000000 	-31.000000	52.970606	-168.854670	192.787328	-0.049908	-0.006511	0.023086	0.449611	0.347988	0.569798	-0.181699	-0.026193	-0.003259	0.048677	0.313082	0.304599	0.676103
2021-07-29 06:15:17.000000 	-30.000000	52.970606	-168.854670	192.787328	-0.051160	-0.000383	0.054955	0.351645	0.272185	0.445659	-0.124275	-0.007037	-0.009513	0.074145	0.244867	0.238246	0.528800
2021-07-29 06:15:18.000000 	-29.000000	52.970606	-168.854670	192.787328	-0.059796	-0.023667	0.031788	0.425434	0.329326	0.539194	-0.160889	-0.031345	0.011663	0.063464	0.296253	0.288260	0.639781
2021-07-29 06:15:19.000000 	-28.000000	52.970606	-168.854670	192.787328	-0.038240	0.004687	0.035371	0.392990	0.304235	0.498091	-0.156505	-0.007928	-0.011990	0.050286	0.273664	0.266296	0.591007
2021-07-29 06:15:20.000000 	-27.000000	52.970606	-168.854670	192.787328	-0.063215	-0.017486	0.033755	0.374678	0.290081	0.474897	-0.136196	-0.031885	0.004937	0.066335	0.260915	0.253905	0.563483
2021-07-29 06:15:21.000000 	-26.000000	52.970606	-168.854670	192.787328	-0.037460	-0.007234	0.051095	0.457227	0.354018	0.579544	-0.178852	0.000313	-0.000143	0.063766	0.318403	0.309866	0.687647
2021-07-29 06:15:22.000000 	-25.000000	52.970606	-168.854670	192.787328	-0.039958	0.001050	0.006141	0.353385	0.273637	0.447938	-0.147807	-0.027437	-0.008754	0.028390	0.246093	0.239509	0.531489
2021-07-29 06:15:23.000000 	-24.000000	52.970606	-168.854670	192.787328	-0.036878	-0.004726	0.040203	0.368824	0.285614	0.467523	-0.142570	-0.005403	-0.002492	0.054435	0.256848	0.249990	0.554724
2021-07-29 06:15:24.000000 	-23.000000	52.970606	-168.854670	192.787328	-0.061499	-0.021690	0.046259	0.407703	0.315746	0.516822	-0.146980	-0.023659	0.009394	0.075793	0.283926	0.276361	0.613215
2021-07-29 06:15:25.000000 	-22.000000	52.970606	-168.854670	192.787328	-0.052339	-0.010247	0.036665	0.423388	0.327919	0.536724	-0.163027	-0.020496	-0.000063	0.061389	0.294853	0.287014	0.636824
2021-07-29 06:15:26.000000 	-21.000000	52.970606	-168.854670	192.787328	-0.028938	0.004892	0.013394	0.417669	0.323514	0.529491	-0.179642	-0.013845	-0.010394	0.027222	0.290874	0.283157	0.628239
2021-07-29 06:15:27.000000 	-20.000000	52.970606	-168.854670	192.787328	-0.053490	-0.010524	0.033464	0.388137	0.300663	0.492068	-0.147331	-0.023368	-0.000014	0.059546	0.270310	0.263154	0.583833
2021-07-29 06:15:28.000000 	-19.000000	52.970606	-168.854670	192.787328	-0.055354	-0.016217	0.049010	0.336422	0.260623	0.426519	-0.115763	-0.016345	0.005212	0.073721	0.234297	0.228108	0.506058
2021-07-29 06:15:29.000000 	-18.000000	52.970606	-168.854670	192.787328	-0.052270	0.001126	0.029676	0.431475	0.334285	0.547046	-0.171071	-0.022896	-0.011209	0.054445	0.300500	0.292578	0.649057
2021-07-29 06:15:30.000000 	-17.000000	52.970606	-168.854670	192.787328	-0.053974	-0.012575	0.050167	0.437250	0.338785	0.554385	-0.163441	-0.014005	0.001905	0.073405	0.304525	0.296514	0.657761
2021-07-29 06:15:31.000000 	-16.000000	52.970606	-168.854670	192.787328	-0.043528	-0.012544	0.039223	0.447089	0.346436	0.566879	-0.175874	-0.012409	0.003894	0.058492	0.311382	0.303208	0.672581
2021-07-29 06:15:32.000000 	-15.000000	52.970606	-168.854670	192.787328	-0.044275	-0.009923	0.044174	0.118538	0.091859	0.150303	0.084386	-0.009608	0.001178	0.062582	0.082559	0.080396	0.178328
2021-07-29 06:15:33.000000 	-14.000000	52.970606	-168.854670	192.787328	-0.029225	-0.002580	0.008414	0.379651	0.294225	0.481403	-0.162630	-0.018222	-0.003118	0.024286	0.264420	0.257509	0.571160
2021-07-29 06:15:34.000000 	-13.000000	52.970606	-168.854670	192.787328	-0.066159	-0.020398	0.049257	0.445387	0.345196	0.564775	-0.161988	-0.025305	0.007225	0.080789	0.310208	0.302117	0.670073
2021-07-29 06:15:35.000000 	-12.000000	52.970606	-168.854670	192.787328	-0.041081	-0.002446	0.011020	0.429007	0.332527	0.544022	-0.180411	-0.025919	-0.005541	0.033355	0.298803	0.291027	0.645447
2021-07-29 06:15:36.000000 	-11.000000	52.970606	-168.854670	192.787328	-0.065756	-0.011252	0.056279	0.353255	0.273832	0.447976	-0.117720	-0.019349	-0.001670	0.085092	0.246045	0.239655	0.531491
2021-07-29 06:15:37.000000 	-10.000000	52.970606	-168.854670	192.787328	-0.045907	-0.002499	0.034223	0.398635	0.309033	0.505539	-0.155911	-0.015733	-0.006422	0.054737	0.277656	0.270461	0.599783
2021-07-29 06:15:38.000000 	-9.000000	52.970606	-168.854670	192.787328	-0.043277	-0.004053	0.032562	0.378225	0.293233	0.479671	-0.147759	-0.014913	-0.004388	0.052038	0.263443	0.256631	0.569089
2021-07-29 06:15:39.000000 	-8.000000	52.970606	-168.854670	192.787328	-0.047775	-0.011098	0.040757	0.394501	0.305876	0.500330	-0.149580	-0.014588	0.001654	0.062058	0.274784	0.267694	0.593595
2021-07-29 06:15:40.000000 	-7.000000	52.970606	-168.854670	192.787328	-0.044064	-0.003487	0.029806	0.410894	0.318611	0.521137	-0.163822	-0.017102	-0.005096	0.050237	0.286206	0.278837	0.618277
2021-07-29 06:15:41.000000 	-6.000000	52.970606	-168.854670	192.787328	-0.054955	-0.006131	0.050005	0.376009	0.291583	0.476907	-0.135541	-0.013876	-0.004607	0.073105	0.261910	0.255182	0.565799
2021-07-29 06:15:42.000000 	-5.000000	52.970606	-168.854670	192.787328	-0.043809	-0.004916	0.028599	0.385772	0.299177	0.489305	-0.152463	-0.017850	-0.003645	0.049289	0.268714	0.261826	0.580505
2021-07-29 06:15:43.000000 	-4.000000	52.970606	-168.854670	192.787328	-0.041188	-0.006412	0.030371	0.401739	0.311584	0.509574	-0.159951	-0.014961	-0.001670	0.049330	0.279840	0.272682	0.604549
2021-07-29 06:15:44.000000 	-3.000000	52.970606	-168.854670	192.787328	-0.071794	-0.023504	0.048076	0.410206	0.318175	0.520330	-0.143428	-0.030909	0.009183	0.083538	0.285741	0.278449	0.617306
2021-07-29 06:15:45.000000 	-2.000000	52.970606	-168.854670	192.787328	-0.045244	0.000835	0.031436	0.388034	0.301001	0.492221	-0.152748	-0.016378	-0.009564	0.051732	0.270300	0.263417	0.583954
2021-07-29 06:15:46.000000 	-1.000000	52.970606	-168.854670	192.787328	-0.056419	-0.017166	0.044094	0.394262	0.305856	0.500138	-0.144173	-0.020286	0.005937	0.070536	0.274642	0.267664	0.593343
2021-07-29 06:15:47.000000 	0.000000	52.970606	-168.854670	192.787328	-0.034915	-0.001138	0.012520	0.472266	0.366397	0.599108	-0.202431	-0.019984	-0.005632	0.030758	0.328984	0.320643	0.710754
2021-07-29 06:15:48.000000 	1.000000	52.970606	-168.854670	192.787328	-0.049095	-0.009580	0.065727	0.332912	0.258302	0.422339	-0.110820	-0.000350	-0.000091	0.082596	0.231912	0.226045	0.501040
2021-07-29 06:15:49.000000 	2.000000	52.970606	-168.854670	192.787328	-0.046835	-0.010171	0.018905	0.463512	0.359661	0.588040	-0.190380	-0.026869	0.000926	0.043950	0.322894	0.314744	0.697614
2021-07-29 06:15:50.000000 	3.000000	52.970606	-168.854670	192.787328	-0.055797	-0.015970	0.053729	0.349817	0.271461	0.443814	-0.120153	-0.013811	0.004884	0.077721	0.243695	0.237557	0.526510
2021-07-29 06:15:51.000000 	4.000000	52.970606	-168.854670	192.787328	-0.042291	0.002780	0.020816	0.375820	0.291662	0.476819	-0.152385	-0.020160	-0.010902	0.041283	0.261813	0.255234	0.565662
2021-07-29 06:15:52.000000 	5.000000	52.970606	-168.854670	192.787328	-0.051113	-0.006684	0.035535	0.381730	0.296271	0.484332	-0.145091	-0.019666	-0.003322	0.059347	0.265934	0.259266	0.574572
2021-07-29 06:15:53.000000 	6.000000	52.970606	-168.854670	192.787328	-0.055459	-0.017852	0.046916	0.435063	0.337691	0.552018	-0.162397	-0.017940	0.006796	0.072301	0.303093	0.295510	0.654865
2021-07-29 06:15:54.000000 	7.000000	52.970606	-168.854670	192.787328	-0.047990	0.004450	0.028735	0.409755	0.318072	0.519922	-0.163399	-0.019597	-0.013642	0.050777	0.285465	0.278339	0.616786
2021-07-29 06:15:55.000000 	8.000000	52.970606	-168.854670	192.787328	-0.040955	-0.017043	0.040189	0.356277	0.276581	0.452080	-0.133487	-0.010506	0.008805	0.058266	0.248212	0.242029	0.536301
2021-07-29 06:15:56.000000 	9.000000	52.970606	-168.854670	192.787328	-0.057050	-0.006523	0.055493	0.453292	0.351922	0.575202	-0.168763	-0.012273	-0.004628	0.078770	0.315805	0.307957	0.682356
2021-07-29 06:15:57.000000 	10.000000	52.970606	-168.854670	192.787328	-0.048245	-0.009065	0.010243	0.359045	0.278773	0.455622	-0.144472	-0.033020	-0.000431	0.037739	0.250148	0.243945	0.540497
2021-07-29 06:15:58.000000 	11.000000	52.970606	-168.854670	192.787328	-0.052155	-0.004719	0.056854	0.438353	0.340376	0.556279	-0.163264	-0.007341	-0.005451	0.076754	0.305406	0.297850	0.659901
2021-07-29 06:15:59.000000 	12.000000	52.970606	-168.854670	192.787328	-0.041141	-0.015260	0.036075	0.416546	0.323469	0.528623	-0.163355	-0.012854	0.007020	0.054885	0.290217	0.283053	0.627089
2021-07-29 06:16:00.000000 	13.000000	52.970606	-168.854670	192.787328	-0.066993	-0.003239	0.046710	0.435956	0.338568	0.553272	-0.160814	-0.024844	-0.009772	0.077251	0.303744	0.296263	0.656326
2021-07-29 06:16:01.000000 	14.000000	52.970606	-168.854670	192.787328	-0.031728	-0.008352	0.017806	0.338193	0.262664	0.429214	-0.138186	-0.015417	0.002062	0.033935	0.235633	0.229842	0.509158
2021-07-29 06:16:02.000000 	15.000000	52.970606	-168.854670	192.787328	-0.059239	-0.014197	0.053544	0.388837	0.302022	0.493505	-0.137529	-0.016345	0.002479	0.079401	0.270923	0.264280	0.585419
2021-07-29 06:16:03.000000 	16.000000	52.970606	-168.854670	192.787328	-0.028307	0.003457	0.009868	0.418710	0.325251	0.531436	-0.181587	-0.015696	-0.008864	0.024202	0.291741	0.284604	0.630411
2021-07-29 06:16:04.000000 	17.000000	52.970606	-168.854670	192.787328	-0.074422	-0.019729	0.055640	0.375575	0.291766	0.476702	-0.124011	-0.027830	0.004972	0.090689	0.261689	0.255302	0.565480
2021-07-29 06:16:05.000000 	18.000000	52.970606	-168.854670	192.787328	-0.034559	0.001448	0.018220	0.373096	0.289863	0.473571	-0.154762	-0.015873	-0.008101	0.034796	0.259966	0.253636	0.561763
2021-07-29 06:16:06.000000 	19.000000	52.970606	-168.854670	192.787328	-0.054841	-0.008862	0.058024	0.401582	0.312018	0.509743	-0.144130	-0.009379	-0.001906	0.079758	0.279818	0.273020	0.604668
2021-07-29 06:16:07.000000 	20.000000	52.970606	-168.854670	192.787328	-0.053224	-0.016286	0.031931	0.385536	0.299574	0.489391	-0.146024	-0.024972	0.005690	0.058836	0.268642	0.262130	0.580522
2021-07-29 06:16:08.000000 	21.000000	52.970606	-168.854670	192.787328	-0.040863	-0.004137	0.024772	0.432785	0.336315	0.549385	-0.177053	-0.017727	-0.003839	0.044402	0.301569	0.294276	0.651684
2021-07-29 06:16:09.000000 	22.000000	52.970606	-168.854670	192.787328	-0.065491	-0.017231	0.063657	0.377977	0.293746	0.479825	-0.125823	-0.015620	0.004247	0.091521	0.263382	0.257027	0.569168
2021-07-29 06:16:10.000000 	23.000000	52.970606	-168.854670	192.787328	-0.042558	-0.002567	0.021926	0.397434	0.308892	0.504541	-0.161277	-0.020526	-0.005708	0.042949	0.276944	0.270277	0.598483
2021-07-29 06:16:11.000000 	24.000000	52.970606	-168.854670	192.787328	-0.034908	-0.007276	0.028943	0.371032	0.288394	0.471039	-0.148374	-0.011035	0.000391	0.044579	0.258550	0.252341	0.558739
2021-07-29 06:16:12.000000 	25.000000	52.970606	-168.854670	192.787328	-0.068129	-0.013045	0.051361	0.364627	0.283437	0.462921	-0.123895	-0.024446	-0.000371	0.082777	0.254090	0.248002	0.549107
2021-07-29 06:16:13.000000 	26.000000	52.970606	-168.854670	192.787328	-0.036520	0.000961	0.034043	0.388429	0.301963	0.493155	-0.155183	-0.007955	-0.008002	0.048644	0.270681	0.264210	0.584967
2021-07-29 06:16:14.000000 	27.000000	52.970606	-168.854670	192.787328	-0.059751	-0.025079	0.045432	0.448097	0.348376	0.568927	-0.166394	-0.023311	0.013056	0.074494	0.312266	0.304818	0.674842
2021-07-29 06:16:15.000000 	28.000000	52.970606	-168.854670	192.787328	-0.048460	-0.005166	0.032781	0.369701	0.287449	0.469406	-0.141781	-0.019013	-0.004299	0.055405	0.257638	0.251507	0.556790
2021-07-29 06:16:16.000000 	29.000000	52.970606	-168.854670	192.787328	-0.034493	0.003834	0.040249	0.448091	0.348425	0.568954	-0.181682	-0.002187	-0.010429	0.052066	0.312271	0.304857	0.674866
2021-07-29 06:16:17.000000 	30.000000	52.970606	-168.854670	192.787328	-0.049658	-0.011222	0.034839	0.339246	0.263811	0.430764	-0.125460	-0.019647	0.001412	0.058461	0.236421	0.230822	0.510948
2021-07-29 06:16:18.000000 	31.000000	52.970606	-168.854670	192.787328	-0.063505	-0.014578	0.045572	0.404141	0.314300	0.513182	-0.146143	-0.024546	0.002027	0.075601	0.281651	0.274996	0.608704
2021-07-29 06:16:19.000000 	32.000000	52.970606	-168.854670	192.787328	-0.047311	-0.006884	0.036046	0.361204	0.280930	0.458674	-0.136772	-0.016412	-0.002391	0.057533	0.251731	0.245797	0.544047
2021-07-29 06:16:20.000000 	33.000000	52.970606	-168.854670	192.787328	-0.041207	0.000777	0.025318	0.414164	0.322145	0.525941	-0.168816	-0.016909	-0.008727	0.044469	0.288645	0.281856	0.623831
2021-07-29 06:16:21.000000 	34.000000	52.970606	-168.854670	192.787328	-0.038823	-0.008666	0.026241	0.351252	0.273232	0.446063	-0.138621	-0.015943	0.000998	0.044897	0.244803	0.239059	0.529083
2021-07-29 06:16:22.000000 	35.000000	52.970606	-168.854670	192.787328	-0.061308	-0.000819	0.053727	0.422905	0.328995	0.537074	-0.154563	-0.015792	-0.011047	0.079212	0.294745	0.287846	0.637028
2021-07-29 06:16:23.000000 	36.000000	52.970606	-168.854670	192.787328	-0.043054	-0.016913	0.041709	0.363104	0.282496	0.461144	-0.135473	-0.011214	0.008272	0.060706	0.253071	0.247161	0.546963
2021-07-29 06:16:24.000000 	37.000000	52.970606	-168.854670	192.787328	-0.051357	-0.013672	0.041684	0.390783	0.304054	0.496310	-0.145977	-0.017234	0.003487	0.065214	0.272366	0.266021	0.588671
2021-07-29 06:16:25.000000 	38.000000	52.970606	-168.854670	192.787328	-0.042388	-0.002310	0.026184	0.380418	0.296012	0.483161	-0.151915	-0.017789	-0.005927	0.046218	0.265146	0.258983	0.573071
2021-07-29 06:16:26.000000 	39.000000	52.970606	-168.854670	192.787328	-0.057397	-0.013250	0.050846	0.397943	0.309673	0.505435	-0.143722	-0.016381	0.001905	0.076048	0.277365	0.270934	0.599486
2021-07-29 06:16:27.000000 	40.000000	52.970606	-168.854670	192.787328	-0.042553	-0.005455	0.015563	0.381846	0.297170	0.485005	-0.155985	-0.024800	-0.002873	0.038203	0.266150	0.259993	0.575251
2021-07-29 06:16:28.000000 	41.000000	52.970606	-168.854670	192.787328	-0.045684	-0.005075	0.047611	0.434977	0.338546	0.552506	-0.167634	-0.007893	-0.003852	0.065593	0.303187	0.296191	0.655309
2021-07-29 06:16:29.000000 	42.000000	52.970606	-168.854670	192.787328	-0.047104	-0.000855	0.044785	0.383740	0.298691	0.487440	-0.144908	-0.010057	-0.008266	0.063684	0.267478	0.261321	0.578133
2021-07-29 06:16:30.000000 	43.000000	52.970606	-168.854670	192.787328	-0.064707	-0.008417	0.057512	0.287450	0.223759	0.365139	-0.087165	-0.017347	-0.004250	0.085127	0.200364	0.195762	0.433074
2021-07-29 06:16:31.000000 	44.000000	52.970606	-168.854670	192.787328	-0.036426	0.004347	0.020045	0.509969	0.397005	0.647819	-0.217650	-0.015789	-0.011306	0.037020	0.355474	0.347330	0.768343
2021-07-29 06:16:32.000000 	45.000000	52.970606	-168.854670	192.787328	-0.055627	-0.019459	0.063723	0.359741	0.280076	0.456996	-0.120553	-0.008198	0.008339	0.086005	0.250761	0.245030	0.542015
2021-07-29 06:16:33.000000 	46.000000	52.970606	-168.854670	192.787328	-0.042382	-0.002055	0.028026	0.390717	0.304217	0.496362	-0.156097	-0.016636	-0.006176	0.047655	0.272358	0.266149	0.588702
2021-07-29 06:16:34.000000 	47.000000	52.970606	-168.854670	192.787328	-0.065850	-0.014674	0.042627	0.377628	0.294049	0.479749	-0.133985	-0.028172	0.001668	0.074646	0.263238	0.257251	0.568994
2021-07-29 06:16:35.000000 	48.000000	52.970606	-168.854670	192.787328	-0.041592	-0.009999	0.030596	0.360194	0.280495	0.457613	-0.140007	-0.015695	0.001771	0.050165	0.251089	0.245392	0.542738
2021-07-29 06:16:36.000000 	49.000000	52.970606	-168.854670	192.787328	-0.038417	0.001623	0.029780	0.397698	0.309725	0.505277	-0.160640	-0.011907	-0.009018	0.046285	0.277238	0.270963	0.599263
2021-07-29 06:16:37.000000 	50.000000	52.970606	-168.854670	192.787328	-0.062806	-0.012821	0.049871	0.379020	0.295202	0.481560	-0.133351	-0.021139	0.000439	0.078415	0.264221	0.258255	0.571132
2021-07-29 06:16:38.000000 	51.000000	52.970606	-168.854670	192.787328	-0.032765	0.008670	0.035882	0.362727	0.282534	0.460873	-0.144917	-0.002717	-0.014840	0.046996	0.252867	0.247171	0.546593
2021-07-29 06:16:39.000000 	52.000000	52.970606	-168.854670	192.787328	-0.058714	-0.018973	0.045067	0.411098	0.320236	0.522348	-0.150748	-0.021776	0.007266	0.072879	0.286592	0.280153	0.619499
2021-07-29 06:16:40.000000 	53.000000	52.970606	-168.854670	192.787328	-0.046419	0.004926	0.040981	0.364687	0.284105	0.463391	-0.138495	-0.010918	-0.013806	0.059570	0.254241	0.248543	0.549574
2021-07-29 06:16:41.000000 	54.000000	52.970606	-168.854670	192.787328	-0.061521	-0.014460	0.057257	0.407745	0.317674	0.518118	-0.144226	-0.015937	0.002296	0.083743	0.284264	0.277908	0.614475
2021-07-29 06:16:42.000000 	55.000000	52.970606	-168.854670	192.787328	-0.044481	-0.000881	0.025794	0.381022	0.296877	0.484176	-0.151844	-0.019443	-0.007733	0.046977	0.265638	0.259713	0.574217
2021-07-29 06:16:43.000000 	56.000000	52.970606	-168.854670	192.787328	-0.041965	-0.009821	0.046446	0.354724	0.276408	0.450771	-0.131312	-0.006414	0.001524	0.063018	0.247307	0.241806	0.534598
2021-07-29 06:16:44.000000 	57.000000	52.970606	-168.854670	192.787328	-0.056219	-0.003197	0.045150	0.409501	0.319117	0.520396	-0.153235	-0.017338	-0.007730	0.069634	0.285502	0.279166	0.617165
2021-07-29 06:16:45.000000 	58.000000	52.970606	-168.854670	192.787328	-0.046690	-0.004937	0.047610	0.409235	0.318935	0.520073	-0.155366	-0.008661	-0.004181	0.066170	0.285321	0.279005	0.616779
2021-07-29 06:16:46.000000 	59.000000	52.970606	-168.854670	192.787328	-0.049808	-0.012292	0.025196	0.351813	0.274205	0.447113	-0.134782	-0.025736	0.002432	0.050976	0.245290	0.239874	0.530249
2021-07-29 06:16:47.000000 	60.000000	52.970606	-168.854670	192.787328	-0.056318	-0.014602	0.050098	0.447688	0.348957	0.568974	-0.167511	-0.016195	0.003440	0.074970	0.312141	0.305265	0.674766
2021-07-29 06:16:48.000000 	61.000000	52.970606	-168.854670	192.787328	-0.042860	-0.002369	0.031210	0.332137	0.258910	0.422132	-0.127389	-0.015141	-0.005961	0.050516	0.231580	0.226491	0.500618
2021-07-29 06:16:49.000000 	62.000000	52.970606	-168.854670	192.787328	-0.054262	-0.007052	0.039792	0.370094	0.288521	0.470387	-0.137040	-0.019626	-0.003569	0.064649	0.258049	0.252393	0.557841
2021-07-29 06:16:50.000000 	63.000000	52.970606	-168.854670	192.787328	-0.050137	-0.012191	0.054362	0.381042	0.297079	0.484316	-0.137316	-0.008414	0.002270	0.074442	0.265686	0.259878	0.574356
2021-07-29 06:16:51.000000 	64.000000	52.970606	-168.854670	192.787328	-0.044844	-0.002710	0.031237	0.428457	0.334073	0.544598	-0.171585	-0.016732	-0.006009	0.051750	0.298752	0.292237	0.645841
2021-07-29 06:16:52.000000 	65.000000	52.970606	-168.854670	192.787328	-0.068650	-0.016100	0.065579	0.352753	0.275067	0.448387	-0.112375	-0.016762	0.002527	0.094791	0.245970	0.240620	0.531741
2021-07-29 06:16:53.000000 	66.000000	52.970606	-168.854670	192.787328	-0.032356	0.005979	0.027724	0.429181	0.334690	0.545551	-0.178899	-0.007725	-0.012121	0.040555	0.299267	0.292774	0.646964
2021-07-29 06:16:54.000000 	67.000000	52.970606	-168.854670	192.787328	-0.063786	-0.018989	0.053894	0.368910	0.287711	0.468951	-0.125859	-0.020436	0.006301	0.082924	0.257245	0.251677	0.556122
2021-07-29 06:16:55.000000 	68.000000	52.970606	-168.854670	192.787328	-0.039889	-0.000737	0.039656	0.430572	0.335828	0.547351	-0.171418	-0.007476	-0.006988	0.055313	0.300247	0.293766	0.649091
2021-07-29 06:16:56.000000 	69.000000	52.970606	-168.854670	192.787328	-0.046343	-0.004369	0.026589	0.342746	0.267348	0.435718	-0.132537	-0.020960	-0.004671	0.049118	0.239008	0.233862	0.516705
2021-07-29 06:16:57.000000 	70.000000	52.970606	-168.854670	192.787328	-0.065862	-0.013834	0.054747	0.397327	0.309947	0.505119	-0.138871	-0.020752	0.000842	0.084232	0.277074	0.271123	0.599002
2021-07-29 06:16:58.000000 	71.000000	52.970606	-168.854670	192.787328	-0.037674	-0.004823	0.022487	0.358648	0.279796	0.455961	-0.144601	-0.016711	-0.002551	0.040774	0.250106	0.244748	0.540703
2021-07-29 06:16:59.000000 	72.000000	52.970606	-168.854670	192.787328	-0.049583	-0.008769	0.037656	0.396868	0.309638	0.504565	-0.151868	-0.017512	-0.000980	0.060379	0.276764	0.270850	0.598338
2021-07-29 06:17:00.000000 	73.000000	52.970606	-168.854670	192.787328	-0.050879	-0.010646	0.050944	0.413482	0.322625	0.525702	-0.153808	-0.010815	0.000610	0.071972	0.288354	0.282208	0.623399
2021-07-29 06:17:01.000000 	74.000000	52.970606	-168.854670	192.787328	-0.044610	-0.000709	0.029834	0.413746	0.322857	0.526054	-0.165664	-0.017085	-0.007928	0.050259	0.288544	0.282410	0.623813
2021-07-29 06:17:02.000000 	75.000000	52.970606	-168.854670	192.787328	-0.044523	-0.006373	0.027159	0.361707	0.282271	0.459902	-0.141591	-0.019500	-0.002354	0.048731	0.252256	0.246907	0.545364
2021-07-29 06:17:03.000000 	76.000000	52.970606	-168.854670	192.787328	-0.055075	-0.012119	0.065264	0.322241	0.251492	0.409734	-0.103761	-0.005705	0.001244	0.086055	0.224736	0.219983	0.485871
2021-07-29 06:17:04.000000 	77.000000	52.970606	-168.854670	192.787328	-0.049550	-0.005582	0.035696	0.447339	0.349152	0.568814	-0.176669	-0.018175	-0.004101	0.058424	0.311987	0.305406	0.674507
2021-07-29 06:17:05.000000 	78.000000	52.970606	-168.854670	192.787328	-0.047955	-0.000537	0.055790	0.385715	0.301078	0.490471	-0.141416	-0.004047	-0.008743	0.072936	0.269013	0.263354	0.581603
2021-07-29 06:17:06.000000 	79.000000	52.970606	-168.854670	192.787328	-0.062005	-0.015226	0.044406	0.386871	0.302004	0.491955	-0.139149	-0.024173	0.002954	0.073860	0.269824	0.264162	0.583360
2021-07-29 06:17:07.000000 	80.000000	52.970606	-168.854670	192.787328	-0.054842	-0.009236	0.040889	0.355528	0.277559	0.452111	-0.129348	-0.019757	-0.001539	0.066123	0.247968	0.242778	0.536110
2021-07-29 06:17:08.000000 	81.000000	52.970606	-168.854670	192.787328	-0.038301	0.001200	0.040153	0.391616	0.305757	0.498018	-0.153941	-0.005634	-0.008581	0.054546	0.273143	0.267442	0.590542
2021-07-29 06:17:09.000000 	82.000000	52.970606	-168.854670	192.787328	-0.039401	-0.008472	0.033708	0.397246	0.310176	0.505191	-0.157244	-0.011870	0.000696	0.051177	0.277075	0.271306	0.599045
2021-07-29 06:17:10.000000 	83.000000	52.970606	-168.854670	192.787328	-0.069360	-0.010797	0.060454	0.380082	0.296798	0.483378	-0.127753	-0.019587	-0.002813	0.090502	0.265108	0.259603	0.573175
2021-07-29 06:17:11.000000 	84.000000	52.970606	-168.854670	192.787328	-0.042864	-0.010021	0.044636	0.388229	0.303184	0.493754	-0.147414	-0.008240	0.001546	0.062128	0.270796	0.265187	0.585475
2021-07-29 06:17:12.000000 	85.000000	52.970606	-168.854670	192.787328	-0.049564	-0.003469	0.035459	0.389706	0.304361	0.495645	-0.150177	-0.018003	-0.006178	0.057998	0.271830	0.266215	0.587715
2021-07-29 06:17:13.000000 	86.000000	52.970606	-168.854670	192.787328	-0.056687	0.002766	0.048835	0.376232	0.293861	0.478523	-0.136939	-0.014565	-0.013671	0.072159	0.262437	0.257030	0.567408
2021-07-29 06:17:14.000000 	87.000000	52.970606	-168.854670	192.787328	-0.056825	-0.021079	0.038686	0.422285	0.329858	0.537112	-0.158855	-0.024464	0.009697	0.066914	0.294565	0.288513	0.636876
2021-07-29 06:17:15.000000 	88.000000	52.970606	-168.854670	192.787328	-0.053109	-0.011324	0.053775	0.386534	0.301955	0.491653	-0.139290	-0.010961	0.000844	0.075629	0.269632	0.264107	0.582971
2021-07-29 06:17:16.000000 	89.000000	52.970606	-168.854670	192.787328	-0.037362	0.006414	0.027218	0.365668	0.285678	0.465126	-0.147845	-0.011883	-0.013515	0.043058	0.255081	0.249868	0.551513
2021-07-29 06:17:17.000000 	90.000000	52.970606	-168.854670	192.787328	-0.062493	-0.020309	0.050027	0.419624	0.327857	0.533773	-0.151442	-0.021955	0.007847	0.079227	0.292725	0.286758	0.632906
2021-07-29 06:17:18.000000 	91.000000	52.970606	-168.854670	192.787328	-0.051231	-0.011465	0.051839	0.346425	0.270687	0.440674	-0.121935	-0.010678	0.001346	0.072989	0.241666	0.236754	0.522514
2021-07-29 06:17:19.000000 	92.000000	52.970606	-168.854670	192.787328	-0.050797	-0.006281	0.051268	0.368095	0.287642	0.468254	-0.133206	-0.009883	-0.003656	0.071674	0.256788	0.251582	0.555211
2021-07-29 06:17:20.000000 	93.000000	52.970606	-168.854670	192.787328	-0.037940	0.006108	0.043405	0.405047	0.316543	0.515275	-0.159780	-0.002635	-0.013326	0.056357	0.282572	0.276858	0.610961
2021-07-29 06:17:21.000000 	94.000000	52.970606	-168.854670	192.787328	-0.071544	-0.017316	0.050935	0.387015	0.302475	0.492351	-0.132916	-0.028036	0.003161	0.084951	0.269997	0.264553	0.583776
2021-07-29 06:17:22.000000 	95.000000	52.970606	-168.854670	192.787328	-0.046639	0.003924	0.035078	0.364908	0.285219	0.464239	-0.140817	-0.014800	-0.012865	0.055105	0.254579	0.249459	0.550441
2021-07-29 06:17:23.000000 	96.000000	52.970606	-168.854670	192.787328	-0.045780	-0.004918	0.045541	0.432796	0.338309	0.550623	-0.167658	-0.009191	-0.004024	0.063979	0.301947	0.295891	0.652862
2021-07-29 06:17:24.000000 	97.000000	52.970606	-168.854670	192.787328	-0.047796	-0.002558	0.045851	0.386929	0.302480	0.492283	-0.145733	-0.010220	-0.006729	0.065143	0.269952	0.264553	0.583686
2021-07-29 06:17:25.000000 	98.000000	52.970606	-168.854670	192.787328	-0.062224	-0.017523	0.049112	0.362159	0.283138	0.460781	-0.125437	-0.021866	0.005165	0.078014	0.252675	0.247635	0.546331
2021-07-29 06:17:26.000000 	99.000000	52.970606	-168.854670	192.787328	-0.049300	-0.012678	0.049631	0.387824	0.303228	0.493450	-0.142695	-0.010683	0.002909	0.070227	0.270586	0.265204	0.585062
2021-07-29 06:17:27.000000 	100.000000	52.970606	-168.854670	192.787328	-0.049209	-0.008733	0.044826	0.372869	0.291558	0.474435	-0.138183	-0.012896	-0.000944	0.065879	0.260157	0.254996	0.562513
2021-07-29 06:17:28.000000 	101.000000	52.970606	-168.854670	192.787328	-0.037830	0.002009	0.022090	0.435595	0.340632	0.554262	-0.181699	-0.016018	-0.009283	0.039754	0.303927	0.297915	0.657156
2021-07-29 06:17:29.000000 	102.000000	52.970606	-168.854670	192.787328	-0.061039	-0.016983	0.068950	0.375560	0.293708	0.477885	-0.124585	-0.008908	0.004864	0.093087	0.262044	0.256874	0.566597
2021-07-29 06:17:30.000000 	103.000000	52.970606	-168.854670	192.787328	-0.037667	0.000957	0.029356	0.410636	0.321165	0.522532	-0.167241	-0.011676	-0.008220	0.045580	0.286523	0.280886	0.619529
2021-07-29 06:17:31.000000 	104.000000	52.970606	-168.854670	192.787328	-0.062897	-0.012927	0.062327	0.361281	0.282586	0.459742	-0.120403	-0.013725	0.000525	0.088426	0.252091	0.247144	0.545080
2021-07-29 06:17:32.000000 	105.000000	52.970606	-168.854670	192.787328	-0.048576	-0.005411	0.043359	0.375992	0.294116	0.478475	-0.140934	-0.012772	-0.004081	0.063947	0.262360	0.257227	0.567287
2021-07-29 06:17:33.000000 	106.000000	52.970606	-168.854670	192.787328	-0.049324	-0.005576	0.031843	0.403025	0.315287	0.512890	-0.157640	-0.020318	-0.004064	0.055214	0.281228	0.275741	0.608086
2021-07-29 06:17:34.000000 	107.000000	52.970606	-168.854670	192.787328	-0.062959	-0.014737	0.074151	0.374077	0.292664	0.476065	-0.121484	-0.006932	0.002289	0.098113	0.261034	0.255955	0.564422
2021-07-29 06:17:35.000000 	108.000000	52.970606	-168.854670	192.787328	-0.047583	-0.000620	0.032727	0.357024	0.279345	0.454376	-0.137130	-0.017657	-0.008589	0.054314	0.249139	0.244305	0.538704
2021-07-29 06:17:36.000000 	109.000000	52.970606	-168.854670	192.787328	-0.051798	-0.008889	0.042210	0.420546	0.329073	0.535233	-0.160555	-0.016524	-0.001291	0.065338	0.293471	0.287793	0.634564
2021-07-29 06:17:37.000000 	110.000000	52.970606	-168.854670	192.787328	-0.058995	-0.006691	0.068742	0.339568	0.265729	0.432183	-0.109952	-0.005843	-0.004839	0.090516	0.236967	0.232394	0.512387
2021-07-29 06:17:38.000000 	111.000000	52.970606	-168.854670	192.787328	-0.040893	-0.013226	0.027350	0.431084	0.337372	0.548676	-0.174259	-0.017600	0.005072	0.047536	0.300837	0.295049	0.650494
2021-07-29 06:17:39.000000 	112.000000	52.970606	-168.854670	192.787328	-0.037975	0.000988	0.042852	0.374930	0.293449	0.477217	-0.145320	-0.003786	-0.008310	0.056533	0.261654	0.256634	0.565772
2021-07-29 06:17:40.000000 	113.000000	52.970606	-168.854670	192.787328	-0.059145	-0.007338	0.055927	0.356476	0.279027	0.453741	-0.122833	-0.013778	-0.004233	0.080449	0.248780	0.244021	0.537936
2021-07-29 06:17:41.000000 	114.000000	52.970606	-168.854670	192.787328	-0.049235	-0.013322	0.032687	0.428250	0.335234	0.545114	-0.167997	-0.020935	0.003554	0.056737	0.298876	0.293174	0.646260
2021-07-29 06:17:42.000000 	115.000000	52.970606	-168.854670	192.787328	-0.051072	0.000244	0.045054	0.456417	0.357311	0.580983	-0.177824	-0.012833	-0.010112	0.066117	0.318540	0.312480	0.688780
2021-07-29 06:17:43.000000 	116.000000	52.970606	-168.854670	192.787328	-0.047917	-0.010827	0.043592	0.351466	0.275171	0.447401	-0.128866	-0.012950	0.001361	0.064374	0.245298	0.240644	0.530409
2021-07-29 06:17:44.000000 	117.000000	52.970606	-168.854670	192.787328	-0.061504	-0.011879	0.057314	0.379463	0.297115	0.483054	-0.131607	-0.015491	-0.000234	0.083479	0.264843	0.259833	0.572673
2021-07-29 06:17:45.000000 	118.000000	52.970606	-168.854670	192.787328	-0.048990	-0.009040	0.039327	0.368634	0.288659	0.469282	-0.138411	-0.016083	-0.000600	0.061394	0.257290	0.252437	0.556343
2021-07-29 06:17:46.000000 	119.000000	52.970606	-168.854670	192.787328	-0.058870	-0.003045	0.056051	0.386656	0.302794	0.492237	-0.137654	-0.012826	-0.008392	0.079886	0.269874	0.264798	0.583553
2021-07-29 06:17:47.000000 	120.000000	52.970606	-168.854670	192.787328	-0.066592	-0.013978	0.079889	0.361975	0.283489	0.460829	-0.112334	-0.006206	0.000842	0.104752	0.252652	0.247914	0.546316
2021-07-29 06:17:48.000000 	121.000000	52.970606	-168.854670	192.787328	-0.031830	0.003122	0.020776	0.432393	0.338666	0.550494	-0.183073	-0.011938	-0.009215	0.035030	0.301809	0.296165	0.652610
2021-07-29 06:17:49.000000 	122.000000	52.970606	-168.854670	192.787328	-0.064401	-0.018764	0.063588	0.377940	0.296040	0.481181	-0.126406	-0.015045	0.005961	0.091000	0.263806	0.258887	0.570436
2021-07-29 06:17:50.000000 	123.000000	52.970606	-168.854670	192.787328	-0.042736	-0.004511	0.044152	0.397370	0.311284	0.505933	-0.152909	-0.007580	-0.003835	0.061025	0.277374	0.272217	0.599775
2021-07-29 06:17:51.000000 	124.000000	52.970606	-168.854670	192.787328	-0.056242	-0.004687	0.048263	0.451764	0.353923	0.575203	-0.171927	-0.015711	-0.006273	0.072307	0.315348	0.309503	0.681890
2021-07-29 06:17:52.000000 	125.000000	52.970606	-168.854670	192.787328	-0.049762	-0.007326	0.048418	0.321181	0.251641	0.408951	-0.112687	-0.010949	-0.002431	0.068909	0.224201	0.220057	0.484799
2021-07-29 06:17:53.000000 	126.000000	52.970606	-168.854670	192.787328	-0.036647	-0.007892	0.037661	0.466770	0.365736	0.594341	-0.189383	-0.007242	0.000660	0.052638	0.325836	0.319831	0.704569
2021-07-29 06:17:54.000000 	127.000000	52.970606	-168.854670	192.787328	-0.057723	0.000654	0.040633	0.355210	0.278347	0.452304	-0.129709	-0.020642	-0.011799	0.066469	0.247965	0.243409	0.536186
2021-07-29 06:17:55.000000 	128.000000	52.970606	-168.854670	192.787328	-0.061889	-0.017648	0.066619	0.329670	0.258353	0.419794	-0.103633	-0.011079	0.005352	0.091806	0.230140	0.225924	0.497644
2021-07-29 06:17:56.000000 	129.000000	52.970606	-168.854670	192.787328	-0.049474	-0.001466	0.035460	0.422895	0.331438	0.538519	-0.166213	-0.017623	-0.008125	0.057712	0.295226	0.289833	0.638382
2021-07-29 06:17:57.000000 	130.000000	52.970606	-168.854670	192.787328	-0.048261	-0.011212	0.050350	0.397044	0.311202	0.505614	-0.147458	-0.009209	0.001672	0.070017	0.277185	0.272136	0.599372
2021-07-29 06:17:58.000000 	131.000000	52.970606	-168.854670	192.787328	-0.049187	-0.006142	0.040877	0.392600	0.307744	0.499969	-0.149444	-0.014857	-0.003481	0.062412	0.274088	0.269111	0.592676
2021-07-29 06:17:59.000000 	132.000000	52.970606	-168.854670	192.787328	-0.064438	-0.008484	0.049961	0.420825	0.329894	0.535927	-0.153290	-0.021694	-0.004132	0.078947	0.293799	0.288479	0.635298
2021-07-29 06:18:00.000000 	133.000000	52.970606	-168.854670	192.787328	-0.039579	0.005831	0.041491	0.362805	0.284434	0.462050	-0.140337	-0.005114	-0.013372	0.055831	0.253297	0.248725	0.547719
2021-07-29 06:18:01.000000 	134.000000	52.970606	-168.854670	192.787328	-0.062895	-0.018311	0.064245	0.379902	0.297862	0.483837	-0.127744	-0.013399	0.005809	0.090583	0.265239	0.260466	0.573543
2021-07-29 06:18:02.000000 	135.000000	52.970606	-168.854670	192.787328	-0.049766	0.004777	0.052469	0.396301	0.310744	0.504736	-0.147966	-0.006645	-0.014307	0.070736	0.276694	0.271729	0.598313
2021-07-29 06:18:03.000000 	136.000000	52.970606	-168.854670	192.787328	-0.064091	-0.003937	0.065597	0.361772	0.283692	0.460772	-0.120232	-0.011304	-0.008526	0.090695	0.252592	0.248073	0.546195
2021-07-29 06:18:04.000000 	137.000000	52.970606	-168.854670	192.787328	-0.048089	-0.015208	0.035307	0.448325	0.351593	0.571025	-0.176608	-0.018751	0.005626	0.058371	0.313030	0.307446	0.676884
2021-07-29 06:18:05.000000 	138.000000	52.970606	-168.854670	192.787328	-0.047685	-0.004190	0.046555	0.360567	0.282792	0.459262	-0.133119	-0.009960	-0.005106	0.065829	0.251760	0.247284	0.544398
2021-07-29 06:18:06.000000 	139.000000	52.970606	-168.854670	192.787328	-0.055472	-0.004476	0.058240	0.393636	0.308753	0.501396	-0.141227	-0.009067	-0.006331	0.079792	0.274856	0.269983	0.594339
2021-07-29 06:18:07.000000 	140.000000	52.970606	-168.854670	192.787328	-0.059677	-0.009987	0.053677	0.399357	0.313265	0.508696	-0.143391	-0.015959	-0.001736	0.079275	0.278856	0.273928	0.602989
2021-07-29 06:18:08.000000 	141.000000	52.970606	-168.854670	192.787328	-0.052327	-0.004385	0.040254	0.404463	0.317296	0.515215	-0.154390	-0.017421	-0.005812	0.063564	0.282428	0.277451	0.610712
2021-07-29 06:18:09.000000 	142.000000	52.970606	-168.854670	192.787328	-0.047907	-0.008445	0.029590	0.430865	0.338035	0.548860	-0.171752	-0.021008	-0.000974	0.052912	0.300869	0.295584	0.650590
2021-07-29 06:18:10.000000 	143.000000	52.970606	-168.854670	192.787328	-0.055509	-0.009542	0.070490	0.271811	0.213266	0.346257	-0.078267	-0.002500	-0.001368	0.090184	0.189807	0.186483	0.410433
2021-07-29 06:18:11.000000 	144.000000	52.970606	-168.854670	192.787328	-0.042549	-0.000985	0.036865	0.437008	0.342910	0.556716	-0.174902	-0.011279	-0.007258	0.054685	0.305172	0.299844	0.659893
2021-07-29 06:18:12.000000 	145.000000	52.970606	-168.854670	192.787328	-0.068622	-0.001911	0.063958	0.440945	0.346026	0.561745	-0.156755	-0.015528	-0.011390	0.091828	0.307927	0.302568	0.665851
2021-07-29 06:18:13.000000 	146.000000	52.970606	-168.854670	192.787328	-0.049132	-0.011000	0.053615	0.287617	0.225722	0.366422	-0.094676	-0.007893	0.001295	0.073113	0.200858	0.197372	0.434327
2021-07-29 06:18:14.000000 	147.000000	52.970606	-168.854670	192.787328	-0.043112	-0.001403	0.032491	0.386520	0.303366	0.492437	-0.152725	-0.014418	-0.006957	0.051575	0.269932	0.265263	0.583691
2021-07-29 06:18:15.000000 	148.000000	52.970606	-168.854670	192.787328	-0.053427	-0.007701	0.050779	0.477080	0.374472	0.607828	-0.183508	-0.012456	-0.002772	0.073003	0.333183	0.327437	0.720461
2021-07-29 06:18:16.000000 	149.000000	52.970606	-168.854670	192.787328	-0.057678	-0.008474	0.066161	0.342910	0.269181	0.436900	-0.112971	-0.006641	-0.002835	0.087885	0.239487	0.235370	0.517856
2021-07-29 06:18:17.000000 	150.000000	52.970606	-168.854670	192.787328	-0.051193	-0.002781	0.052250	0.384547	0.301890	0.489962	-0.141129	-0.009061	-0.007167	0.072285	0.268571	0.263968	0.580746
2021-07-29 06:18:18.000000 	151.000000	52.970606	-168.854670	192.787328	-0.046563	-0.007983	0.052346	0.415631	0.326318	0.529581	-0.156556	-0.006179	-0.001168	0.070232	0.290286	0.285327	0.627702
2021-07-29 06:18:19.000000 	152.000000	52.970606	-168.854670	192.787328	-0.059812	-0.001863	0.052004	0.381533	0.299572	0.486148	-0.136768	-0.015819	-0.009733	0.077074	0.266478	0.261939	0.576219
2021-07-29 06:18:20.000000 	153.000000	52.970606	-168.854670	192.787328	-0.059964	-0.019681	0.057847	0.381189	0.299325	0.485722	-0.131766	-0.015168	0.007719	0.083902	0.266243	0.261723	0.575710
2021-07-29 06:18:21.000000 	154.000000	52.970606	-168.854670	192.787328	-0.038661	0.006208	0.040351	0.407231	0.319800	0.518919	-0.162049	-0.005023	-0.013564	0.054334	0.284438	0.279625	0.615054
2021-07-29 06:18:22.000000 	155.000000	52.970606	-168.854670	192.787328	-0.054000	-0.010441	0.048325	0.450067	0.353468	0.573518	-0.171248	-0.014805	-0.000194	0.071702	0.314364	0.309061	0.679764
2021-07-29 06:18:23.000000 	156.000000	52.970606	-168.854670	192.787328	-0.056599	-0.005667	0.052045	0.357271	0.280611	0.455281	-0.126068	-0.013864	-0.005380	0.075651	0.249553	0.245357	0.539619
2021-07-29 06:18:24.000000 	157.000000	52.970606	-168.854670	192.787328	-0.052089	-0.002142	0.037239	0.425288	0.334061	0.541971	-0.165762	-0.018704	-0.007967	0.060756	0.297069	0.292089	0.642364
2021-07-29 06:18:25.000000 	158.000000	52.970606	-168.854670	192.787328	-0.045774	-0.015509	0.076545	0.296160	0.232650	0.377425	-0.089919	0.007851	0.006368	0.089959	0.206876	0.203419	0.447336
2021-07-29 06:18:26.000000 	159.000000	52.970606	-168.854670	192.787328	-0.061112	-0.002436	0.038608	0.474624	0.372874	0.604874	-0.185007	-0.024992	-0.009423	0.067215	0.331546	0.326023	0.716911
2021-07-29 06:18:27.000000 	160.000000	52.970606	-168.854670	192.787328	-0.055295	-0.011692	0.065287	0.349449	0.274556	0.445359	-0.116862	-0.005798	0.000783	0.086153	0.244111	0.240058	0.527847
2021-07-29 06:18:28.000000 	161.000000	52.970606	-168.854670	192.787328	-0.047698	0.000637	0.038218	0.354483	0.278534	0.451787	-0.134213	-0.014247	-0.009845	0.058619	0.247633	0.243535	0.535462
2021-07-29 06:18:29.000000 	162.000000	52.970606	-168.854670	192.787328	-0.063608	-0.010270	0.057061	0.413657	0.325055	0.527218	-0.147430	-0.017043	-0.002219	0.084333	0.288976	0.284209	0.624859
2021-07-29 06:18:30.000000 	163.000000	52.970606	-168.854670	192.787328	-0.039720	0.002484	0.044239	0.350386	0.275359	0.446589	-0.133106	-0.004086	-0.010114	0.058497	0.244781	0.240757	0.529295
2021-07-29 06:18:31.000000 	164.000000	52.970606	-168.854670	192.787328	-0.065220	-0.008474	0.075742	0.405428	0.318640	0.516756	-0.135922	-0.006779	-0.004292	0.099989	0.283240	0.278598	0.612453
2021-07-29 06:18:32.000000 	165.000000	52.970606	-168.854670	192.787328	-0.062281	-0.016678	0.047935	0.378512	0.297510	0.482462	-0.133966	-0.022489	0.004324	0.077009	0.264442	0.260122	0.571804
2021-07-29 06:18:33.000000 	166.000000	52.970606	-168.854670	192.787328	-0.054857	-0.005871	0.064386	0.369234	0.290241	0.470648	-0.127511	-0.005099	-0.004844	0.084498	0.257966	0.253765	0.557799
2021-07-29 06:18:34.000000 	167.000000	52.970606	-168.854670	192.787328	-0.051915	0.005825	0.057196	0.437760	0.344134	0.558010	-0.165093	-0.005320	-0.015750	0.075658	0.305848	0.300884	0.661334
2021-07-29 06:18:35.000000 	168.000000	52.970606	-168.854670	192.787328	-0.055132	-0.007251	0.039047	0.380137	0.298859	0.484571	-0.142139	-0.020788	-0.003543	0.064592	0.265594	0.261298	0.574293
2021-07-29 06:18:36.000000 	169.000000	52.970606	-168.854670	192.787328	-0.047334	0.009399	0.050923	0.355730	0.279693	0.453470	-0.131094	-0.004958	-0.018371	0.067528	0.248547	0.244540	0.537430
2021-07-29 06:18:37.000000 	170.000000	52.970606	-168.854670	192.787328	-0.069467	-0.020088	0.062222	0.398280	0.313174	0.507725	-0.134660	-0.020039	0.006282	0.093058	0.278283	0.273812	0.601727
2021-07-29 06:18:38.000000 	171.000000	52.970606	-168.854670	192.787328	-0.042894	0.003642	0.055436	0.418240	0.328894	0.533183	-0.159566	0.000349	-0.011864	0.069177	0.292236	0.287555	0.631894
2021-07-29 06:18:39.000000 	172.000000	52.970606	-168.854670	192.787328	-0.062061	-0.009369	0.067586	0.337487	0.265413	0.430247	-0.108218	-0.009354	-0.002804	0.091716	0.235817	0.232052	0.509899
2021-07-29 06:18:40.000000 	173.000000	52.970606	-168.854670	192.787328	-0.070291	-0.009631	0.060940	0.437103	0.343783	0.557258	-0.154633	-0.019843	-0.004138	0.091303	0.305429	0.300570	0.660418
2021-07-29 06:18:41.000000 	174.000000	52.970606	-168.854670	192.787328	-0.037189	0.000443	0.043282	0.356613	0.280501	0.454655	-0.137069	-0.002995	-0.007623	0.056476	0.249192	0.245241	0.538818
2021-07-29 06:18:42.000000 	175.000000	52.970606	-168.854670	192.787328	-0.065257	-0.016498	0.051361	0.473816	0.372719	0.604095	-0.176363	-0.022729	0.003573	0.081482	0.331098	0.325866	0.715917
2021-07-29 06:18:43.000000 	176.000000	52.970606	-168.854670	192.787328	-0.038876	0.015771	0.043654	0.365140	0.287254	0.465550	-0.142189	-0.001727	-0.022988	0.055984	0.255162	0.251144	0.551722
2021-07-29 06:18:44.000000 	177.000000	52.970606	-168.854670	192.787328	-0.058469	-0.010440	0.060240	0.396444	0.311905	0.505474	-0.140048	-0.011130	-0.001058	0.083854	0.277044	0.272695	0.599033
2021-07-29 06:18:45.000000 	178.000000	52.970606	-168.854670	192.787328	-0.047136	-0.013640	0.048726	0.364774	0.287012	0.465106	-0.133240	-0.009681	0.004271	0.068338	0.254918	0.250930	0.551190
2021-07-29 06:18:46.000000 	179.000000	52.970606	-168.854670	192.787328	-0.066701	0.003598	0.070703	0.385092	0.303023	0.491026	-0.129326	-0.009110	-0.016423	0.095436	0.269123	0.264928	0.581904
2021-07-29 06:18:47.000000 	180.000000	52.970606	-168.854670	192.787328	-0.051372	-0.009941	0.060554	0.387483	0.304929	0.494087	-0.138338	-0.005305	-0.000177	0.079853	0.270800	0.266593	0.585528
2021-07-29 06:18:48.000000 	181.000000	52.970606	-168.854670	192.787328	-0.047087	0.000710	0.045593	0.409031	0.321912	0.521576	-0.157290	-0.009315	-0.009799	0.064137	0.285866	0.281439	0.618100
2021-07-29 06:18:49.000000 	182.000000	52.970606	-168.854670	192.787328	-0.071180	-0.012471	0.064453	0.380492	0.299475	0.485196	-0.125949	-0.018862	-0.001523	0.094965	0.265926	0.261823	0.574984
2021-07-29 06:18:50.000000 	183.000000	52.970606	-168.854670	192.787328	-0.058475	-0.003973	0.067155	0.349406	0.275031	0.445567	-0.116082	-0.005972	-0.007405	0.088625	0.244206	0.240450	0.528018
2021-07-29 06:18:51.000000 	184.000000	52.970606	-168.854670	192.787328	-0.053026	-0.005272	0.064520	0.369808	0.291114	0.471597	-0.128553	-0.003491	-0.005077	0.083453	0.258471	0.254510	0.558862
2021-07-29 06:18:52.000000 	185.000000	52.970606	-168.854670	192.787328	-0.057285	-0.004019	0.050280	0.454027	0.357440	0.579012	-0.172282	-0.015210	-0.007130	0.074456	0.317342	0.312496	0.686148
2021-07-29 06:18:53.000000 	186.000000	52.970606	-168.854670	192.787328	-0.055200	-0.006447	0.062121	0.329566	0.259477	0.420299	-0.109630	-0.006820	-0.004345	0.082959	0.230355	0.226850	0.498066
2021-07-29 06:18:54.000000 	187.000000	52.970606	-168.854670	192.787328	-0.038039	0.009490	0.038707	0.386502	0.304329	0.492923	-0.153789	-0.005020	-0.016663	0.052272	0.270158	0.266061	0.584123
2021-07-29 06:18:55.000000 	188.000000	52.970606	-168.854670	192.787328	-0.059934	-0.012723	0.063154	0.440128	0.346582	0.561329	-0.158616	-0.010875	0.000898	0.087312	0.307649	0.302999	0.665181
2021-07-29 06:18:56.000000 	189.000000	52.970606	-168.854670	192.787328	-0.056393	-0.006775	0.066685	0.347354	0.273548	0.443018	-0.115733	-0.005057	-0.004253	0.087346	0.242805	0.239149	0.524978
2021-07-29 06:18:57.000000 	190.000000	52.970606	-168.854670	192.787328	-0.066655	-0.003711	0.060638	0.339233	0.267174	0.432671	-0.110819	-0.016264	-0.009244	0.088225	0.237134	0.233575	0.512713
2021-07-29 06:18:58.000000 	191.000000	52.970606	-168.854670	192.787328	-0.047454	-0.004287	0.044656	0.409560	0.322589	0.522382	-0.157132	-0.010938	-0.004967	0.064189	0.286301	0.282020	0.619017
2021-07-29 06:18:59.000000 	192.000000	52.970606	-168.854670	192.787328	-0.066674	-0.006609	0.078969	0.397493	0.313109	0.507003	-0.130760	-0.005686	-0.006404	0.103208	0.277872	0.273732	0.600789
2021-07-29 06:19:00.000000 	193.000000	52.970606	-168.854670	192.787328	-0.050291	-0.002622	0.043343	0.369737	0.291270	0.471613	-0.138184	-0.013694	-0.007148	0.064623	0.258476	0.254638	0.558849
2021-07-29 06:19:01.000000 	194.000000	52.970606	-168.854670	192.787328	-0.062376	-0.008638	0.056271	0.360977	0.284392	0.460450	-0.123807	-0.016303	-0.003582	0.082785	0.252358	0.248624	0.545619
2021-07-29 06:19:02.000000 	195.000000	52.970606	-168.854670	192.787328	-0.054278	0.003069	0.078055	0.378505	0.298225	0.482820	-0.127827	0.004966	-0.013503	0.094027	0.264617	0.260716	0.572122
2021-07-29 06:19:03.000000 	196.000000	52.970606	-168.854670	192.787328	-0.053846	-0.007746	0.030264	0.517702	0.407932	0.660397	-0.210394	-0.025145	-0.002808	0.056878	0.361940	0.356624	0.782538
2021-07-29 06:19:04.000000 	197.000000	52.970606	-168.854670	192.787328	-0.063219	-0.011039	0.091231	0.272178	0.214485	0.347207	-0.066918	0.003721	-0.001389	0.111471	0.190292	0.187507	0.411422
2021-07-29 06:19:05.000000 	198.000000	52.970606	-168.854670	192.787328	-0.045378	-0.007035	0.033563	0.450073	0.354699	0.574155	-0.180677	-0.016416	-0.001869	0.054426	0.314674	0.310085	0.680337
2021-07-29 06:19:06.000000 	199.000000	52.970606	-168.854670	192.787328	-0.066394	-0.010153	0.057890	0.323380	0.254875	0.412544	-0.103719	-0.018708	-0.002872	0.086627	0.226100	0.222815	0.488836
2021-07-29 06:19:07.000000 	200.000000	52.970606	-168.854670	192.787328	-0.054770	0.004361	0.063953	0.391421	0.308526	0.499358	-0.139617	-0.003713	-0.014866	0.082909	0.273680	0.269717	0.591700
2021-07-29 06:19:08.000000 	201.000000	52.970606	-168.854670	192.787328	-0.058163	-0.013055	0.067330	0.390683	0.307970	0.498429	-0.134421	-0.007024	0.001566	0.089638	0.273170	0.269230	0.590596
2021-07-29 06:19:09.000000 	202.000000	52.970606	-168.854670	192.787328	-0.043347	0.008416	0.057342	0.371053	0.292520	0.473397	-0.137251	0.001879	-0.016636	0.070410	0.259451	0.255722	0.560932
2021-07-29 06:19:10.000000 	203.000000	52.970606	-168.854670	192.787328	-0.085737	-0.024922	0.075998	0.379544	0.299238	0.484242	-0.113815	-0.025233	0.007880	0.114232	0.265394	0.261594	0.573778
2021-07-29 06:19:11.000000 	204.000000	52.970606	-168.854670	192.787328	-0.049203	0.008534	0.056472	0.403747	0.318345	0.515134	-0.150911	-0.003213	-0.017884	0.073162	0.282325	0.278297	0.610378
2021-07-29 06:19:12.000000 	205.000000	52.970606	-168.854670	192.787328	-0.063290	-0.020270	0.056618	0.398668	0.314366	0.508666	-0.139415	-0.018605	0.007654	0.084955	0.278780	0.274817	0.602711
2021-07-29 06:19:13.000000 	206.000000	52.970606	-168.854670	192.787328	-0.037692	0.009091	0.055222	0.414589	0.326947	0.528992	-0.160634	0.005136	-0.016205	0.065298	0.289920	0.285814	0.626791
2021-07-29 06:19:14.000000 	207.000000	52.970606	-168.854670	192.787328	-0.069088	-0.014289	0.051979	0.359110	0.283219	0.458216	-0.121292	-0.025017	0.000665	0.083982	0.251130	0.247587	0.542927
2021-07-29 06:19:15.000000 	208.000000	52.970606	-168.854670	192.787328	-0.053202	-0.001217	0.048791	0.369249	0.291239	0.471164	-0.135052	-0.012476	-0.009090	0.070529	0.258226	0.254597	0.558265
2021-07-29 06:19:16.000000 	209.000000	52.970606	-168.854670	192.787328	-0.056063	-0.007829	0.067935	0.390802	0.308264	0.498678	-0.135770	-0.004208	-0.003155	0.088272	0.273306	0.269479	0.590862
2021-07-29 06:19:17.000000 	210.000000	52.970606	-168.854670	192.787328	-0.054350	-0.001868	0.049707	0.365381	0.288235	0.466252	-0.132381	-0.012924	-0.008673	0.072014	0.255534	0.251969	0.552437
2021-07-29 06:19:18.000000 	211.000000	52.970606	-168.854670	192.787328	-0.044092	0.002264	0.063046	0.428103	0.337741	0.546302	-0.160801	0.003782	-0.010744	0.076120	0.299407	0.295245	0.647281
2021-07-29 06:19:19.000000 	212.000000	52.970606	-168.854670	192.787328	-0.083161	-0.007794	0.093058	0.294982	0.232738	0.376436	-0.069822	-0.010298	-0.008428	0.124335	0.206310	0.203453	0.446014
2021-07-29 06:19:20.000000 	213.000000	52.970606	-168.854670	192.787328	-0.044874	0.005329	0.043168	0.403172	0.318124	0.514513	-0.157057	-0.008329	-0.013903	0.060356	0.281984	0.278095	0.609608
2021-07-29 06:19:21.000000 	214.000000	52.970606	-168.854670	192.787328	-0.063179	-0.010802	0.081765	0.369231	0.291366	0.471210	-0.117125	-0.001913	-0.001614	0.103863	0.258252	0.254703	0.558298
2021-07-29 06:19:22.000000 	215.000000	52.970606	-168.854670	192.787328	-0.063009	0.003319	0.081603	0.422726	0.333608	0.539493	-0.144285	0.000303	-0.015436	0.101989	0.295676	0.291628	0.639198
2021-07-29 06:19:23.000000 	216.000000	52.970606	-168.854670	192.787328	-0.058185	-0.006410	0.060128	0.348692	0.275204	0.445020	-0.118485	-0.010353	-0.004958	0.083127	0.243899	0.240573	0.527262
2021-07-29 06:19:24.000000 	217.000000	52.970606	-168.854670	192.787328	-0.052741	0.003876	0.046605	0.421949	0.333049	0.538528	-0.161537	-0.012645	-0.013998	0.067918	0.295147	0.291137	0.638046
2021-07-29 06:19:25.000000 	218.000000	52.970606	-168.854670	192.787328	-0.049329	-0.005724	0.064939	0.343856	0.271431	0.438869	-0.117597	-0.000413	-0.003920	0.081656	0.240528	0.237273	0.519967
2021-07-29 06:19:26.000000 	219.000000	52.970606	-168.854670	192.787328	-0.053067	-0.005003	0.062508	0.370771	0.292700	0.473232	-0.130010	-0.004694	-0.005349	0.081839	0.259361	0.255865	0.560676
2021-07-29 06:19:27.000000 	220.000000	52.970606	-168.854670	192.787328	-0.054879	-0.001645	0.068816	0.382663	0.302114	0.488423	-0.132889	-0.001796	-0.008994	0.087555	0.267687	0.264093	0.578671
2021-07-29 06:19:28.000000 	221.000000	52.970606	-168.854670	192.787328	-0.055416	0.010845	0.064211	0.327680	0.258725	0.418253	-0.109913	-0.003063	-0.021352	0.082743	0.229229	0.226164	0.495532
2021-07-29 06:19:29.000000 	222.000000	52.970606	-168.854670	192.787328	-0.062639	-0.015102	0.058999	0.471658	0.372436	0.602043	-0.173904	-0.015863	0.002710	0.085870	0.329958	0.325563	0.713275
2021-07-29 06:19:30.000000 	223.000000	52.970606	-168.854670	192.787328	-0.051312	0.002249	0.068616	0.343203	0.271025	0.438087	-0.116116	0.001478	-0.012125	0.084835	0.240100	0.236914	0.519025
2021-07-29 06:19:31.000000 	224.000000	52.970606	-168.854670	192.787328	-0.068041	-0.017361	0.068816	0.395453	0.312313	0.504796	-0.132012	-0.014530	0.003881	0.097162	0.276661	0.273005	0.598054
