2021-07-29 06:12:43.000000 	-184.000000	55.349276	-160.476757	89.578684	-0.038814	-0.017780	0.005946	0.368681	0.298086	0.545409	-0.198587	-0.031601	0.003786	0.029069	0.271687	0.266071	0.614528
2021-07-29 06:12:44.000000 	-183.000000	55.349276	-160.476757	89.578684	-0.034660	-0.002138	0.027224	0.290402	0.234803	0.429618	-0.147709	-0.011982	-0.009568	0.041376	0.214004	0.209581	0.484062
2021-07-29 06:12:45.000000 	-182.000000	55.349276	-160.476757	89.578684	-0.036008	-0.022872	0.003463	0.316777	0.256136	0.468648	-0.169520	-0.032238	0.009523	0.026491	0.233441	0.228618	0.528037
2021-07-29 06:12:46.000000 	-181.000000	55.349276	-160.476757	89.578684	-0.037828	-0.013675	0.028512	0.322542	0.260804	0.477188	-0.163819	-0.016878	0.000247	0.046325	0.237691	0.232781	0.537659
2021-07-29 06:12:47.000000 	-180.000000	55.349276	-160.476757	89.578684	-0.027767	-0.002533	0.004918	0.302148	0.244322	0.447028	-0.165201	-0.019429	-0.006892	0.019407	0.222664	0.218066	0.503676
2021-07-29 06:12:48.000000 	-179.000000	55.349276	-160.476757	89.578684	-0.026500	-0.010897	0.009346	0.304297	0.246066	0.450218	-0.164221	-0.018228	0.001415	0.023960	0.224249	0.219619	0.507269
2021-07-29 06:12:49.000000 	-178.000000	55.349276	-160.476757	89.578684	-0.041718	-0.020478	0.014143	0.327831	0.265105	0.485051	-0.170550	-0.029934	0.005359	0.037881	0.241594	0.236607	0.546514
2021-07-29 06:12:50.000000 	-177.000000	55.349276	-160.476757	89.578684	-0.036577	-0.011044	0.015750	0.318205	0.257329	0.470820	-0.166932	-0.022440	-0.001815	0.034656	0.234502	0.229662	0.530480
2021-07-29 06:12:51.000000 	-176.000000	55.349276	-160.476757	89.578684	-0.034950	-0.012443	0.014690	0.324450	0.262387	0.480072	-0.171286	-0.022167	0.000048	0.033178	0.239105	0.234172	0.540903
2021-07-29 06:12:52.000000 	-175.000000	55.349276	-160.476757	89.578684	-0.031417	-0.015552	0.003632	0.358102	0.289611	0.529879	-0.195716	-0.026569	0.004159	0.022779	0.263907	0.258464	0.597020
2021-07-29 06:12:53.000000 	-174.000000	55.349276	-160.476757	89.578684	-0.042021	-0.006970	0.031605	0.288092	0.232997	0.426296	-0.142052	-0.016527	-0.007474	0.049842	0.212314	0.207935	0.480311
2021-07-29 06:12:54.000000 	-173.000000	55.349276	-160.476757	89.578684	-0.028480	-0.012592	-0.000448	0.302208	0.244421	0.447195	-0.166003	-0.025798	0.002350	0.017286	0.222718	0.218127	0.503857
2021-07-29 06:12:55.000000 	-172.000000	55.349276	-160.476757	89.578684	-0.039053	-0.017156	0.026267	0.331710	0.268291	0.490864	-0.169296	-0.020061	0.003119	0.045795	0.244463	0.239424	0.553058
2021-07-29 06:12:56.000000 	-171.000000	55.349276	-160.476757	89.578684	-0.024264	-0.007106	-0.000614	0.307034	0.248339	0.454359	-0.170691	-0.021115	-0.001411	0.013848	0.226278	0.221615	0.511927
2021-07-29 06:12:57.000000 	-170.000000	55.349276	-160.476757	89.578684	-0.041762	-0.024039	0.027132	0.360453	0.291556	0.533425	-0.184067	-0.023562	0.008700	0.049267	0.265649	0.260176	0.601009
2021-07-29 06:12:58.000000 	-169.000000	55.349276	-160.476757	89.578684	-0.037496	-0.003938	0.017141	0.297753	0.240847	0.440647	-0.154963	-0.020409	-0.008819	0.034942	0.219441	0.214922	0.496475
2021-07-29 06:12:59.000000 	-168.000000	55.349276	-160.476757	89.578684	-0.027796	-0.007032	-0.001688	0.330781	0.267572	0.489539	-0.183883	-0.024444	-0.002662	0.014843	0.243785	0.238765	0.551561
2021-07-29 06:13:00.000000 	-167.000000	55.349276	-160.476757	89.578684	-0.036854	-0.015169	0.033871	0.298924	0.241809	0.442402	-0.148098	-0.013486	0.001980	0.050495	0.220308	0.215772	0.498451
2021-07-29 06:13:01.000000 	-166.000000	55.349276	-160.476757	89.578684	-0.033057	-0.017633	0.014996	0.324911	0.262839	0.480875	-0.171383	-0.021951	0.005572	0.033401	0.239462	0.234534	0.541798
2021-07-29 06:13:02.000000 	-165.000000	55.349276	-160.476757	89.578684	-0.030403	-0.018499	0.010024	0.323617	0.261800	0.478971	-0.173191	-0.022959	0.007275	0.028053	0.238510	0.233602	0.539651
2021-07-29 06:13:03.000000 	-164.000000	55.349276	-160.476757	89.578684	-0.032744	-0.003888	0.015280	0.303243	0.245326	0.448828	-0.160273	-0.017768	-0.007278	0.030856	0.223496	0.218898	0.505688
2021-07-29 06:13:04.000000 	-163.000000	55.349276	-160.476757	89.578684	-0.034008	-0.015843	0.007709	0.390324	0.315784	0.577730	-0.212098	-0.026340	0.003567	0.027576	0.287678	0.281761	0.650919
2021-07-29 06:13:05.000000 	-162.000000	55.349276	-160.476757	89.578684	-0.031102	-0.010910	0.008089	0.251470	0.203453	0.372217	-0.132716	-0.022515	-0.000111	0.025394	0.185341	0.181530	0.419370
2021-07-29 06:13:06.000000 	-161.000000	55.349276	-160.476757	89.578684	-0.042794	-0.006984	0.029077	0.338736	0.274064	0.501398	-0.172278	-0.018568	-0.007719	0.048179	0.249660	0.244528	0.564915
2021-07-29 06:13:07.000000 	-160.000000	55.349276	-160.476757	89.578684	-0.032885	-0.019468	0.000419	0.295754	0.239296	0.437787	-0.159802	-0.030611	0.007359	0.021666	0.217983	0.213503	0.493245
2021-07-29 06:13:08.000000 	-159.000000	55.349276	-160.476757	89.578684	-0.032450	-0.012404	0.022050	0.347271	0.280987	0.514057	-0.182375	-0.016032	0.000847	0.037885	0.255955	0.250696	0.579176
2021-07-29 06:13:09.000000 	-158.000000	55.349276	-160.476757	89.578684	-0.026867	-0.010593	0.005663	0.315516	0.255301	0.467062	-0.172099	-0.020523	0.001005	0.021069	0.232552	0.227775	0.526227
2021-07-29 06:13:10.000000 	-157.000000	55.349276	-160.476757	89.578684	-0.033952	-0.016148	0.014801	0.303198	0.245341	0.448839	-0.158778	-0.022348	0.003873	0.033439	0.223475	0.218885	0.505694
2021-07-29 06:13:11.000000 	-156.000000	55.349276	-160.476757	89.578684	-0.044541	-0.004069	0.026608	0.337118	0.272797	0.499064	-0.172072	-0.020524	-0.011050	0.046531	0.248477	0.243375	0.562280
2021-07-29 06:13:12.000000 	-155.000000	55.349276	-160.476757	89.578684	-0.034951	-0.020427	0.019365	0.320359	0.259244	0.474267	-0.166182	-0.021704	0.007572	0.038541	0.236127	0.231280	0.534341
2021-07-29 06:13:13.000000 	-154.000000	55.349276	-160.476757	89.578684	-0.023183	-0.011935	0.016491	0.333481	0.269870	0.493704	-0.179147	-0.011879	0.003502	0.028257	0.245800	0.240756	0.556239
2021-07-29 06:13:14.000000 	-153.000000	55.349276	-160.476757	89.578684	-0.036841	-0.004329	0.004302	0.314690	0.254672	0.465897	-0.169903	-0.027308	-0.008232	0.024104	0.231952	0.227193	0.524909
2021-07-29 06:13:15.000000 	-152.000000	55.349276	-160.476757	89.578684	-0.027723	-0.012206	0.005519	0.323993	0.262208	0.479682	-0.176654	-0.021712	0.002240	0.021715	0.238811	0.233912	0.540438
2021-07-29 06:13:16.000000 	-151.000000	55.349276	-160.476757	89.578684	-0.040229	-0.014457	0.030937	0.327361	0.264942	0.484681	-0.164920	-0.017575	0.000182	0.049754	0.241296	0.236347	0.546069
2021-07-29 06:13:17.000000 	-150.000000	55.349276	-160.476757	89.578684	-0.032207	-0.013034	0.001386	0.284202	0.230020	0.420791	-0.153721	-0.027767	0.001521	0.020876	0.209485	0.205190	0.474086
2021-07-29 06:13:18.000000 	-149.000000	55.349276	-160.476757	89.578684	-0.042152	-0.022681	0.024140	0.329379	0.266591	0.487691	-0.167242	-0.025192	0.007291	0.046757	0.242787	0.237810	0.549459
2021-07-29 06:13:19.000000 	-148.000000	55.349276	-160.476757	89.578684	-0.028805	-0.007005	0.002364	0.354286	0.286760	0.524583	-0.195706	-0.022915	-0.003025	0.018712	0.261148	0.255796	0.591022
2021-07-29 06:13:20.000000 	-147.000000	55.349276	-160.476757	89.578684	-0.029566	-0.013616	0.020470	0.260993	0.211255	0.386455	-0.133615	-0.015029	0.002952	0.035270	0.192382	0.188440	0.435400
2021-07-29 06:13:21.000000 	-146.000000	55.349276	-160.476757	89.578684	-0.038969	-0.008304	0.021383	0.348538	0.282124	0.516096	-0.181979	-0.020339	-0.005196	0.040052	0.256915	0.251652	0.581458
2021-07-29 06:13:22.000000 	-145.000000	55.349276	-160.476757	89.578684	-0.042230	-0.018530	0.023849	0.298159	0.241353	0.441510	-0.149674	-0.024277	0.003352	0.045770	0.219782	0.215281	0.497425
2021-07-29 06:13:23.000000 	-144.000000	55.349276	-160.476757	89.578684	-0.021279	-0.011912	0.007359	0.299570	0.242502	0.443609	-0.163605	-0.015589	0.004116	0.019720	0.220824	0.216302	0.499789
2021-07-29 06:13:24.000000 	-143.000000	55.349276	-160.476757	89.578684	-0.046870	-0.016522	0.023838	0.357196	0.289159	0.528955	-0.182891	-0.027329	-0.000091	0.047867	0.263304	0.257914	0.595942
2021-07-29 06:13:25.000000 	-142.000000	55.349276	-160.476757	89.578684	-0.034202	-0.006039	0.005458	0.370899	0.300262	0.549261	-0.202728	-0.025074	-0.005738	0.023966	0.273408	0.267812	0.618819
2021-07-29 06:13:26.000000 	-141.000000	55.349276	-160.476757	89.578684	-0.032364	-0.016877	0.009054	0.274112	0.221915	0.405940	-0.144456	-0.024585	0.005091	0.027999	0.202063	0.197928	0.457346
2021-07-29 06:13:27.000000 	-140.000000	55.349276	-160.476757	89.578684	-0.039323	-0.014572	0.031870	0.250238	0.202593	0.370594	-0.119956	-0.016375	0.000593	0.050058	0.184466	0.180692	0.417523
2021-07-29 06:13:28.000000 	-139.000000	55.349276	-160.476757	89.578684	-0.025271	-0.007773	0.000421	0.359240	0.290850	0.532034	-0.200244	-0.021491	-0.001119	0.015366	0.264820	0.259404	0.599406
2021-07-29 06:13:29.000000 	-138.000000	55.349276	-160.476757	89.578684	-0.041142	-0.016025	0.031007	0.309138	0.250294	0.457845	-0.153881	-0.018674	0.001354	0.050599	0.227888	0.223229	0.515821
2021-07-29 06:13:30.000000 	-137.000000	55.349276	-160.476757	89.578684	-0.038120	-0.018020	0.005198	0.320058	0.259144	0.474028	-0.170814	-0.031554	0.004245	0.028128	0.235940	0.231117	0.534053
2021-07-29 06:13:31.000000 	-136.000000	55.349276	-160.476757	89.578684	-0.034102	-0.012287	0.014232	0.337204	0.273035	0.499436	-0.179165	-0.021726	0.000185	0.032317	0.248582	0.243502	0.562676
2021-07-29 06:13:32.000000 	-135.000000	55.349276	-160.476757	89.578684	-0.033929	-0.010915	0.024703	0.301510	0.244141	0.446580	-0.154552	-0.015262	-0.001052	0.040577	0.222271	0.217729	0.503126
2021-07-29 06:13:33.000000 	-134.000000	55.349276	-160.476757	89.578684	-0.038392	-0.003963	0.024293	0.285413	0.231114	0.422748	-0.144760	-0.017044	-0.009095	0.041310	0.210406	0.206108	0.476276
2021-07-29 06:13:34.000000 	-133.000000	55.349276	-160.476757	89.578684	-0.029940	-0.019378	-0.007193	0.350041	0.283455	0.518485	-0.195119	-0.032630	0.008258	0.013809	0.258052	0.252782	0.584134
2021-07-29 06:13:35.000000 	-132.000000	55.349276	-160.476757	89.578684	-0.031580	-0.008865	0.023104	0.271021	0.219474	0.401450	-0.138364	-0.013786	-0.002199	0.037614	0.199800	0.195720	0.452280
2021-07-29 06:13:36.000000 	-131.000000	55.349276	-160.476757	89.578684	-0.032120	-0.018771	0.006813	0.354978	0.287471	0.525823	-0.192150	-0.026190	0.006957	0.026384	0.261696	0.256354	0.592399
2021-07-29 06:13:37.000000 	-130.000000	55.349276	-160.476757	89.578684	-0.037666	-0.022365	0.024284	0.292715	0.237056	0.433604	-0.147210	-0.021545	0.008492	0.044411	0.215797	0.211392	0.488503
2021-07-29 06:13:38.000000 	-129.000000	55.349276	-160.476757	89.578684	-0.035741	0.000722	0.002065	0.337563	0.273385	0.500050	-0.184881	-0.026338	-0.012625	0.020715	0.248862	0.243784	0.563360
2021-07-29 06:13:39.000000 	-128.000000	55.349276	-160.476757	89.578684	-0.048852	-0.017581	0.031872	0.291407	0.236011	0.431687	-0.140771	-0.024589	0.000245	0.055739	0.214836	0.210453	0.486341
2021-07-29 06:13:40.000000 	-127.000000	55.349276	-160.476757	89.578684	-0.034085	-0.015992	0.019632	0.342478	0.277383	0.507356	-0.179724	-0.019662	0.003681	0.037454	0.252490	0.247341	0.571589
2021-07-29 06:13:41.000000 	-126.000000	55.349276	-160.476757	89.578684	-0.027163	-0.007036	0.007962	0.325804	0.263887	0.482666	-0.177514	-0.018468	-0.002447	0.022443	0.240200	0.235302	0.543772
2021-07-29 06:13:42.000000 	-125.000000	55.349276	-160.476757	89.578684	-0.024274	-0.010912	0.012110	0.293829	0.237996	0.435307	-0.157742	-0.014935	0.002173	0.025043	0.216628	0.212212	0.490416
2021-07-29 06:13:43.000000 	-124.000000	55.349276	-160.476757	89.578684	-0.045256	-0.022660	0.013491	0.310055	0.251147	0.459357	-0.159158	-0.033648	0.006233	0.039656	0.228593	0.223934	0.517510
2021-07-29 06:13:44.000000 	-123.000000	55.349276	-160.476757	89.578684	-0.045610	-0.014940	0.035921	0.350295	0.283749	0.518985	-0.174718	-0.019047	-0.001161	0.056830	0.258263	0.253000	0.584685
2021-07-29 06:13:45.000000 	-122.000000	55.349276	-160.476757	89.578684	-0.027613	-0.003202	0.006063	0.310016	0.251130	0.459320	-0.169357	-0.018842	-0.006210	0.020393	0.228568	0.223912	0.517466
2021-07-29 06:13:46.000000 	-121.000000	55.349276	-160.476757	89.578684	-0.028548	-0.013334	0.005514	0.335783	0.272011	0.497508	-0.183171	-0.022665	0.003027	0.022367	0.247568	0.242526	0.560487
2021-07-29 06:13:47.000000 	-120.000000	55.349276	-160.476757	89.578684	-0.031859	-0.013788	0.018698	0.284911	0.230809	0.422145	-0.147556	-0.017861	0.002349	0.035074	0.210063	0.205786	0.475583
2021-07-29 06:13:48.000000 	-119.000000	55.349276	-160.476757	89.578684	-0.042186	-0.014036	0.020470	0.338166	0.273960	0.501063	-0.174807	-0.024928	-0.000869	0.042113	0.249330	0.244254	0.564490
2021-07-29 06:13:49.000000 	-118.000000	55.349276	-160.476757	89.578684	-0.036038	-0.013344	0.022723	0.347899	0.281853	0.515497	-0.181422	-0.018690	0.000533	0.040540	0.256509	0.251288	0.580749
2021-07-29 06:13:50.000000 	-117.000000	55.349276	-160.476757	89.578684	-0.042133	-0.015100	0.016923	0.305483	0.247498	0.452658	-0.157056	-0.027197	0.000151	0.039368	0.225237	0.220654	0.509956
2021-07-29 06:13:51.000000 	-116.000000	55.349276	-160.476757	89.578684	-0.026171	-0.011589	0.013008	0.314801	0.255054	0.466475	-0.168964	-0.016081	0.002176	0.026927	0.232109	0.227387	0.525520
2021-07-29 06:13:52.000000 	-115.000000	55.349276	-160.476757	89.578684	-0.022448	-0.013279	0.004328	0.332596	0.269481	0.492857	-0.183481	-0.018594	0.005014	0.018113	0.245233	0.240245	0.555240
2021-07-29 06:13:53.000000 	-114.000000	55.349276	-160.476757	89.578684	-0.053971	-0.018633	0.024796	0.322415	0.261240	0.477781	-0.159911	-0.032870	-0.000475	0.052861	0.237728	0.232894	0.538255
2021-07-29 06:13:54.000000 	-113.000000	55.349276	-160.476757	89.578684	-0.035982	-0.010422	0.019233	0.281427	0.228036	0.417051	-0.144512	-0.019828	-0.002202	0.037084	0.207508	0.203289	0.469837
2021-07-29 06:13:55.000000 	-112.000000	55.349276	-160.476757	89.578684	-0.015334	-0.009566	0.007827	0.321311	0.260362	0.476167	-0.177903	-0.010069	0.003892	0.016474	0.236919	0.232103	0.536434
2021-07-29 06:13:56.000000 	-111.000000	55.349276	-160.476757	89.578684	-0.049943	-0.013674	0.026372	0.333883	0.270558	0.494810	-0.167776	-0.027488	-0.003802	0.051057	0.246191	0.241188	0.557435
2021-07-29 06:13:57.000000 	-110.000000	55.349276	-160.476757	89.578684	-0.028322	-0.013195	0.014756	0.319573	0.258970	0.473614	-0.170283	-0.017197	0.002971	0.029823	0.235642	0.230854	0.533555
2021-07-29 06:13:58.000000 	-109.000000	55.349276	-160.476757	89.578684	-0.034392	-0.013942	0.010903	0.330651	0.267955	0.490042	-0.176410	-0.024299	0.001647	0.030048	0.243813	0.238860	0.552062
2021-07-29 06:13:59.000000 	-108.000000	55.349276	-160.476757	89.578684	-0.031142	-0.005554	0.003574	0.291269	0.236049	0.431687	-0.158184	-0.023640	-0.005172	0.020684	0.214776	0.210415	0.486321
2021-07-29 06:14:00.000000 	-107.000000	55.349276	-160.476757	89.578684	-0.040918	-0.018331	0.017436	0.290590	0.235506	0.430691	-0.148184	-0.026851	0.003603	0.039754	0.214278	0.209927	0.485197
2021-07-29 06:14:01.000000 	-106.000000	55.349276	-160.476757	89.578684	-0.035379	-0.017130	0.023136	0.388532	0.314892	0.575865	-0.204615	-0.018986	0.004322	0.041246	0.286501	0.280686	0.648743
2021-07-29 06:14:02.000000 	-105.000000	55.349276	-160.476757	89.578684	-0.032974	-0.010612	0.009845	0.303095	0.245656	0.449245	-0.161594	-0.022885	-0.001018	0.027785	0.223503	0.218967	0.506097
2021-07-29 06:14:03.000000 	-104.000000	55.349276	-160.476757	89.578684	-0.032464	-0.017334	0.023994	0.290464	0.235426	0.430533	-0.148142	-0.016294	0.005488	0.040428	0.214191	0.209845	0.485016
2021-07-29 06:14:04.000000 	-103.000000	55.349276	-160.476757	89.578684	-0.040786	-0.010353	0.018605	0.331904	0.269023	0.491969	-0.172714	-0.023891	-0.003872	0.039128	0.244752	0.239787	0.554225
2021-07-29 06:14:05.000000 	-102.000000	55.349276	-160.476757	89.578684	-0.037796	-0.018638	0.018202	0.292700	0.237253	0.433867	-0.150012	-0.024079	0.004936	0.038769	0.215844	0.211466	0.488770
2021-07-29 06:14:06.000000 	-101.000000	55.349276	-160.476757	89.578684	-0.016521	-0.004424	0.005433	0.347693	0.281838	0.515396	-0.194380	-0.010936	-0.001352	0.014164	0.256400	0.251201	0.580614
2021-07-29 06:14:07.000000 	-100.000000	55.349276	-160.476757	89.578684	-0.039293	-0.013016	0.010662	0.320939	0.260159	0.475748	-0.169541	-0.027982	-0.000863	0.032301	0.236673	0.231875	0.535948
2021-07-29 06:14:08.000000 	-99.000000	55.349276	-160.476757	89.578684	-0.038870	-0.015738	0.033900	0.319785	0.259232	0.474048	-0.159651	-0.015190	0.001843	0.051707	0.235824	0.231045	0.534032
2021-07-29 06:14:09.000000 	-98.000000	55.349276	-160.476757	89.578684	-0.030304	-0.008140	0.002073	0.291566	0.236365	0.432228	-0.158914	-0.024555	-0.002455	0.019492	0.215017	0.210660	0.486919
2021-07-29 06:14:10.000000 	-97.000000	55.349276	-160.476757	89.578684	-0.028908	-0.010047	0.006930	0.370832	0.300633	0.549746	-0.203260	-0.021236	-0.000191	0.023101	0.273475	0.267935	0.619305
2021-07-29 06:14:11.000000 	-96.000000	55.349276	-160.476757	89.578684	-0.053830	-0.019222	0.046258	0.264414	0.214367	0.391994	-0.117684	-0.020720	0.000127	0.070552	0.194998	0.191048	0.441592
2021-07-29 06:14:12.000000 	-95.000000	55.349276	-160.476757	89.578684	-0.023470	-0.011909	-0.001362	0.291861	0.236626	0.432694	-0.161935	-0.022246	0.003380	0.013720	0.215241	0.210883	0.487441
2021-07-29 06:14:13.000000 	-94.000000	55.349276	-160.476757	89.578684	-0.034398	-0.018228	0.023081	0.325707	0.264076	0.482884	-0.168337	-0.018558	0.005684	0.040884	0.240205	0.235342	0.543979
2021-07-29 06:14:14.000000 	-93.000000	55.349276	-160.476757	89.578684	-0.040848	-0.015762	0.018026	0.332437	0.269541	0.492872	-0.172654	-0.025756	0.001205	0.039714	0.245170	0.240208	0.555230
2021-07-29 06:14:15.000000 	-92.000000	55.349276	-160.476757	89.578684	-0.025719	-0.009450	0.012577	0.307593	0.249405	0.456049	-0.165346	-0.015388	0.000311	0.025924	0.226851	0.222260	0.513747
2021-07-29 06:14:16.000000 	-91.000000	55.349276	-160.476757	89.578684	-0.035702	-0.012643	0.011711	0.345544	0.280186	0.512328	-0.184547	-0.024498	-0.000015	0.031168	0.254842	0.249687	0.577145
2021-07-29 06:14:17.000000 	-90.000000	55.349276	-160.476757	89.578684	-0.035760	-0.009373	0.011397	0.267808	0.217160	0.397080	-0.139807	-0.023823	-0.003116	0.030320	0.197513	0.193518	0.447315
2021-07-29 06:14:18.000000 	-89.000000	55.349276	-160.476757	89.578684	-0.031386	-0.019724	0.020227	0.308627	0.250267	0.457612	-0.160198	-0.018257	0.008102	0.037206	0.227620	0.223017	0.515505
2021-07-29 06:14:19.000000 	-88.000000	55.349276	-160.476757	89.578684	-0.044469	-0.007902	0.028289	0.338710	0.274671	0.502229	-0.172087	-0.020566	-0.007413	0.048603	0.249810	0.244760	0.565765
2021-07-29 06:14:20.000000 	-87.000000	55.349276	-160.476757	89.578684	-0.025077	-0.010200	0.007682	0.286728	0.232525	0.425163	-0.155248	-0.017880	0.001233	0.021696	0.211474	0.207200	0.478948
2021-07-29 06:14:21.000000 	-86.000000	55.349276	-160.476757	89.578684	-0.038135	-0.010286	0.020205	0.351606	0.285147	0.521375	-0.184340	-0.020907	-0.003050	0.039012	0.259327	0.254086	0.587330
2021-07-29 06:14:22.000000 	-85.000000	55.349276	-160.476757	89.578684	-0.039149	-0.016241	0.022274	0.315936	0.256228	0.468494	-0.161868	-0.022154	0.002224	0.042389	0.233022	0.228314	0.527758
2021-07-29 06:14:23.000000 	-84.000000	55.349276	-160.476757	89.578684	-0.018574	-0.008762	-0.007953	0.306682	0.248730	0.454780	-0.174790	-0.021332	0.002051	0.005076	0.226198	0.221629	0.512309
2021-07-29 06:14:24.000000 	-83.000000	55.349276	-160.476757	89.578684	-0.038376	-0.017412	0.029142	0.332734	0.269868	0.493424	-0.169033	-0.017972	0.003586	0.047847	0.245416	0.240460	0.555840
2021-07-29 06:14:25.000000 	-82.000000	55.349276	-160.476757	89.578684	-0.027834	-0.008331	0.001825	0.323892	0.262705	0.480323	-0.178501	-0.022833	-0.001449	0.018000	0.238897	0.234074	0.541080
2021-07-29 06:14:26.000000 	-81.000000	55.349276	-160.476757	89.578684	-0.046008	-0.014531	0.032878	0.296754	0.240702	0.440088	-0.144747	-0.020973	-0.001679	0.054463	0.218883	0.214465	0.495755
2021-07-29 06:14:27.000000 	-80.000000	55.349276	-160.476757	89.578684	-0.027416	-0.011135	0.024057	0.340421	0.276130	0.504858	-0.179224	-0.010640	0.001333	0.036597	0.251095	0.246027	0.568716
2021-07-29 06:14:28.000000 	-79.000000	55.349276	-160.476757	89.578684	-0.028690	-0.005355	0.002270	0.255597	0.207332	0.379069	-0.138720	-0.022426	-0.004541	0.018259	0.188531	0.184726	0.427016
2021-07-29 06:14:29.000000 	-78.000000	55.349276	-160.476757	89.578684	-0.045328	-0.015985	0.029386	0.331754	0.269117	0.492027	-0.166540	-0.022831	-0.000082	0.051502	0.244707	0.239771	0.554259
2021-07-29 06:14:30.000000 	-77.000000	55.349276	-160.476757	89.578684	-0.023041	-0.006872	-0.017006	0.345675	0.280419	0.512684	-0.199797	-0.029423	-0.001224	-0.000336	0.254978	0.249836	0.577528
2021-07-29 06:14:31.000000 	-76.000000	55.349276	-160.476757	89.578684	-0.042878	-0.014783	0.039804	0.275658	0.223627	0.408849	-0.130617	-0.014678	-0.000396	0.058530	0.203335	0.199235	0.460559
2021-07-29 06:14:32.000000 	-75.000000	55.349276	-160.476757	89.578684	-0.033405	-0.017660	0.009009	0.343464	0.278643	0.509428	-0.184480	-0.025633	0.005481	0.028668	0.253354	0.248246	0.573858
2021-07-29 06:14:33.000000 	-74.000000	55.349276	-160.476757	89.578684	-0.024594	-0.018196	0.020446	0.318727	0.258583	0.472748	-0.168031	-0.012446	0.008931	0.033457	0.235109	0.230370	0.532538
2021-07-29 06:14:34.000000 	-73.000000	55.349276	-160.476757	89.578684	-0.029837	-0.000505	-0.003863	0.295192	0.239497	0.437850	-0.164209	-0.025469	-0.009495	0.012907	0.217751	0.213363	0.493224
2021-07-29 06:14:35.000000 	-72.000000	55.349276	-160.476757	89.578684	-0.047632	-0.014517	0.037304	0.249316	0.202283	0.369812	-0.114845	-0.019712	-0.002236	0.058971	0.183912	0.180207	0.416580
2021-07-29 06:14:36.000000 	-71.000000	55.349276	-160.476757	89.578684	-0.027620	-0.015974	0.006952	0.361595	0.293391	0.536368	-0.197624	-0.021854	0.005825	0.023556	0.266740	0.261367	0.604199
2021-07-29 06:14:37.000000 	-70.000000	55.349276	-160.476757	89.578684	-0.035682	-0.008570	0.008154	0.334042	0.271044	0.495509	-0.179709	-0.025386	-0.003848	0.027457	0.246418	0.241455	0.558171
2021-07-29 06:14:38.000000 	-69.000000	55.349276	-160.476757	89.578684	-0.039995	-0.019043	0.027786	0.329520	0.267383	0.488811	-0.167075	-0.020446	0.004582	0.047909	0.243085	0.238190	0.550625
2021-07-29 06:14:39.000000 	-68.000000	55.349276	-160.476757	89.578684	-0.024794	-0.004742	0.011532	0.307925	0.249869	0.456788	-0.166732	-0.013970	-0.003816	0.023674	0.227157	0.222585	0.514552
2021-07-29 06:14:40.000000 	-67.000000	55.349276	-160.476757	89.578684	-0.035728	-0.008691	0.029818	0.334583	0.271509	0.496344	-0.171544	-0.013137	-0.003749	0.045327	0.246826	0.241858	0.559109
2021-07-29 06:14:41.000000 	-66.000000	55.349276	-160.476757	89.578684	-0.033597	-0.017940	0.001644	0.299426	0.242988	0.444200	-0.161582	-0.030046	0.005681	0.022765	0.220893	0.216448	0.500369
2021-07-29 06:14:42.000000 	-65.000000	55.349276	-160.476757	89.578684	-0.036660	-0.009339	0.021863	0.336197	0.272837	0.498760	-0.175299	-0.018561	-0.003450	0.039405	0.248022	0.243033	0.561827
2021-07-29 06:14:43.000000 	-64.000000	55.349276	-160.476757	89.578684	-0.050281	-0.018294	0.035004	0.347603	0.282103	0.515693	-0.171885	-0.024112	0.000439	0.059217	0.256440	0.251282	0.580900
2021-07-29 06:14:44.000000 	-63.000000	55.349276	-160.476757	89.578684	-0.019463	-0.009913	-0.003284	0.279816	0.227096	0.415135	-0.157078	-0.019683	0.002838	0.009612	0.206433	0.202282	0.467626
2021-07-29 06:14:45.000000 	-62.000000	55.349276	-160.476757	89.578684	-0.044357	-0.008744	0.039242	0.348680	0.282995	0.517314	-0.173542	-0.014483	-0.006582	0.057713	0.257241	0.252069	0.582723
2021-07-29 06:14:46.000000 	-61.000000	55.349276	-160.476757	89.578684	-0.028266	-0.008682	0.002037	0.293373	0.238115	0.435269	-0.160568	-0.023145	-0.001263	0.018473	0.216441	0.212090	0.490303
2021-07-29 06:14:47.000000 	-60.000000	55.349276	-160.476757	89.578684	-0.031443	-0.004124	0.000632	0.323175	0.262312	0.479495	-0.177973	-0.025153	-0.006621	0.018153	0.238430	0.233639	0.540119
2021-07-29 06:14:48.000000 	-59.000000	55.349276	-160.476757	89.578684	-0.043540	-0.031198	0.022994	0.308075	0.250064	0.457101	-0.153864	-0.029261	0.014853	0.048176	0.227293	0.222726	0.514893
2021-07-29 06:14:49.000000 	-58.000000	55.349276	-160.476757	89.578684	-0.040044	-0.005076	0.032880	0.343997	0.279232	0.510412	-0.174941	-0.013748	-0.008598	0.049472	0.253799	0.248701	0.574943
2021-07-29 06:14:50.000000 	-57.000000	55.349276	-160.476757	89.578684	-0.019624	-0.016183	0.011238	0.281061	0.228152	0.417038	-0.151405	-0.013275	0.008695	0.022836	0.207367	0.203203	0.469762
2021-07-29 06:14:51.000000 	-56.000000	55.349276	-160.476757	89.578684	-0.040654	-0.016758	0.007472	0.334708	0.271709	0.496650	-0.178003	-0.031879	0.002209	0.031117	0.246951	0.241993	0.559438
2021-07-29 06:14:52.000000 	-55.000000	55.349276	-160.476757	89.578684	-0.030831	-0.005369	0.026243	0.290605	0.235915	0.431218	-0.149147	-0.010459	-0.005244	0.039131	0.214414	0.210110	0.485732
2021-07-29 06:14:53.000000 	-54.000000	55.349276	-160.476757	89.578684	-0.047446	-0.012882	0.027863	0.332736	0.270126	0.493746	-0.167456	-0.024486	-0.003715	0.050794	0.245503	0.240575	0.556165
2021-07-29 06:14:54.000000 	-53.000000	55.349276	-160.476757	89.578684	-0.016161	-0.012248	-0.004455	0.288083	0.233883	0.427494	-0.162968	-0.018431	0.006143	0.007323	0.212558	0.208293	0.481536
2021-07-29 06:14:55.000000 	-52.000000	55.349276	-160.476757	89.578684	-0.047382	-0.014492	0.016285	0.338620	0.274921	0.502499	-0.175187	-0.031462	-0.002176	0.041541	0.249850	0.244838	0.566022
2021-07-29 06:14:56.000000 	-51.000000	55.349276	-160.476757	89.578684	-0.028996	-0.004292	0.010599	0.312848	0.254006	0.464264	-0.168849	-0.017635	-0.005645	0.025073	0.230837	0.226207	0.522952
2021-07-29 06:14:57.000000 	-50.000000	55.349276	-160.476757	89.578684	-0.034365	-0.017939	0.023010	0.285612	0.231900	0.423856	-0.145178	-0.018494	0.005423	0.040753	0.210743	0.206518	0.477434
2021-07-29 06:14:58.000000 	-49.000000	55.349276	-160.476757	89.578684	-0.024684	-0.004285	0.008626	0.352772	0.286439	0.523534	-0.193986	-0.015412	-0.004211	0.021137	0.260302	0.255083	0.589711
2021-07-29 06:14:59.000000 	-48.000000	55.349276	-160.476757	89.578684	-0.051289	-0.018770	0.047579	0.326431	0.265060	0.484453	-0.154261	-0.017874	0.000550	0.070191	0.240869	0.236041	0.545688
2021-07-29 06:15:00.000000 	-47.000000	55.349276	-160.476757	89.578684	-0.038596	-0.018088	0.005714	0.317611	0.257907	0.471374	-0.169179	-0.031649	0.004149	0.028820	0.234363	0.229667	0.530955
2021-07-29 06:15:01.000000 	-46.000000	55.349276	-160.476757	89.578684	-0.021588	-0.002824	0.016047	0.330048	0.268015	0.489843	-0.178873	-0.008390	-0.004553	0.025306	0.243544	0.238664	0.551757
2021-07-29 06:15:02.000000 	-45.000000	55.349276	-160.476757	89.578684	-0.040753	-0.013726	0.007455	0.284873	0.231338	0.422804	-0.149302	-0.031132	-0.000682	0.030580	0.210211	0.206001	0.476243
2021-07-29 06:15:03.000000 	-44.000000	55.349276	-160.476757	89.578684	-0.041822	-0.005442	0.020279	0.333053	0.270473	0.494323	-0.173016	-0.022393	-0.008848	0.040128	0.245767	0.240845	0.556801
2021-07-29 06:15:04.000000 	-43.000000	55.349276	-160.476757	89.578684	-0.033298	-0.016681	0.024175	0.300854	0.244332	0.446543	-0.154046	-0.016658	0.004594	0.040900	0.222010	0.217565	0.502980
2021-07-29 06:15:05.000000 	-42.000000	55.349276	-160.476757	89.578684	-0.038955	-0.017165	0.028131	0.391733	0.318148	0.581442	-0.203646	-0.018927	0.003160	0.047279	0.289076	0.283289	0.654927
2021-07-29 06:15:06.000000 	-41.000000	55.349276	-160.476757	89.578684	-0.024531	-0.013002	0.010329	0.233193	0.189396	0.346132	-0.123030	-0.016721	0.004057	0.024113	0.172085	0.168641	0.389877
2021-07-29 06:15:07.000000 	-40.000000	55.349276	-160.476757	89.578684	-0.030933	-0.012802	0.006558	0.332087	0.269725	0.492932	-0.180147	-0.023775	0.001729	0.024404	0.245068	0.240164	0.555229
2021-07-29 06:15:08.000000 	-39.000000	55.349276	-160.476757	89.578684	-0.041220	-0.007648	0.027621	0.285398	0.231811	0.423638	-0.142388	-0.018357	-0.006567	0.046265	0.210615	0.206402	0.477176
2021-07-29 06:15:09.000000 	-38.000000	55.349276	-160.476757	89.578684	-0.024024	-0.016923	0.013319	0.340908	0.276907	0.506046	-0.184078	-0.015706	0.007922	0.027046	0.251583	0.246551	0.569997
2021-07-29 06:15:10.000000 	-37.000000	55.349276	-160.476757	89.578684	-0.050485	-0.009432	0.016376	0.315094	0.255948	0.467738	-0.161030	-0.032425	-0.007982	0.042317	0.232536	0.227886	0.526846
2021-07-29 06:15:11.000000 	-36.000000	55.349276	-160.476757	89.578684	-0.030066	-0.010671	0.019274	0.304395	0.247266	0.451866	-0.159622	-0.015286	0.000010	0.033994	0.224644	0.220152	0.508968
2021-07-29 06:15:12.000000 	-35.000000	55.349276	-160.476757	89.578684	-0.035453	-0.011923	0.003049	0.323260	0.262599	0.479881	-0.175148	-0.029032	-0.000611	0.023773	0.238570	0.233801	0.540522
2021-07-29 06:15:13.000000 	-34.000000	55.349276	-160.476757	89.578684	-0.036780	-0.012923	0.030733	0.344712	0.280035	0.511738	-0.176398	-0.014595	-0.000111	0.047447	0.254405	0.249320	0.576402
2021-07-29 06:15:14.000000 	-33.000000	55.349276	-160.476757	89.578684	-0.029679	-0.018400	0.017258	0.328123	0.266567	0.487120	-0.173415	-0.018257	0.007424	0.033598	0.242165	0.237326	0.548673
2021-07-29 06:15:15.000000 	-32.000000	55.349276	-160.476757	89.578684	-0.036644	-0.015039	0.022485	0.285404	0.231870	0.423711	-0.144979	-0.019762	0.001929	0.040991	0.210640	0.206432	0.477249
2021-07-29 06:15:16.000000 	-31.000000	55.349276	-160.476757	89.578684	-0.032743	-0.010949	-0.002453	0.311208	0.252843	0.462029	-0.171122	-0.029791	-0.000623	0.017609	0.229687	0.225100	0.520408
2021-07-29 06:15:17.000000 	-30.000000	55.349276	-160.476757	89.578684	-0.038153	-0.002980	0.031144	0.332981	0.270541	0.494364	-0.170014	-0.012693	-0.009942	0.046632	0.245760	0.240852	0.556827
2021-07-29 06:15:18.000000 	-29.000000	55.349276	-160.476757	89.578684	-0.041313	-0.016273	0.012456	0.286638	0.232896	0.425569	-0.148014	-0.029423	0.001531	0.035477	0.211559	0.207335	0.479339
2021-07-29 06:15:19.000000 	-28.000000	55.349276	-160.476757	89.578684	-0.033681	-0.009377	0.030632	0.322705	0.262210	0.479128	-0.164898	-0.011276	-0.002418	0.045030	0.238183	0.233428	0.539664
2021-07-29 06:15:20.000000 	-27.000000	55.349276	-160.476757	89.578684	-0.036906	-0.014806	0.028668	0.340951	0.277045	0.506229	-0.174808	-0.016385	0.001621	0.046174	0.251653	0.246631	0.570187
2021-07-29 06:15:21.000000 	-26.000000	55.349276	-160.476757	89.578684	-0.032474	-0.008581	0.007867	0.286531	0.232833	0.425437	-0.153211	-0.023064	-0.002765	0.025504	0.211489	0.207269	0.479186
2021-07-29 06:15:22.000000 	-25.000000	55.349276	-160.476757	89.578684	-0.039035	-0.024446	0.017592	0.331691	0.269538	0.492500	-0.171986	-0.026983	0.009995	0.040035	0.244825	0.239941	0.554721
2021-07-29 06:15:23.000000 	-24.000000	55.349276	-160.476757	89.578684	-0.025349	-0.008577	0.013500	0.306670	0.249214	0.455359	-0.164763	-0.014336	-0.000387	0.026319	0.226360	0.221845	0.512886
2021-07-29 06:15:24.000000 	-23.000000	55.349276	-160.476757	89.578684	-0.046655	-0.003436	0.015872	0.337724	0.274460	0.501480	-0.176214	-0.028094	-0.012354	0.038711	0.249285	0.244314	0.564832
2021-07-29 06:15:25.000000 	-22.000000	55.349276	-160.476757	89.578684	-0.027782	-0.018336	0.013163	0.297141	0.241487	0.441228	-0.157564	-0.019097	0.007998	0.029201	0.219332	0.214960	0.496967
2021-07-29 06:15:26.000000 	-21.000000	55.349276	-160.476757	89.578684	-0.035130	-0.009572	0.022104	0.299996	0.243816	0.445477	-0.154667	-0.017302	-0.002719	0.038828	0.221443	0.217029	0.501752
2021-07-29 06:15:27.000000 	-20.000000	55.349276	-160.476757	89.578684	-0.047551	-0.013342	0.027065	0.326801	0.265610	0.485291	-0.164297	-0.025148	-0.003316	0.050282	0.241233	0.236425	0.546594
2021-07-29 06:15:28.000000 	-19.000000	55.349276	-160.476757	89.578684	-0.035154	-0.017292	0.025191	0.332163	0.269977	0.493263	-0.171298	-0.017687	0.004550	0.042847	0.245194	0.240308	0.555571
2021-07-29 06:15:29.000000 	-18.000000	55.349276	-160.476757	89.578684	-0.038922	-0.007592	0.019209	0.316350	0.257133	0.469791	-0.164412	-0.021343	-0.005852	0.038103	0.233524	0.228873	0.529133
2021-07-29 06:15:30.000000 	-17.000000	55.349276	-160.476757	89.578684	-0.042422	-0.010178	0.034946	0.353283	0.287163	0.524649	-0.178439	-0.015820	-0.004584	0.053415	0.260792	0.255598	0.590919
2021-07-29 06:15:31.000000 	-16.000000	55.349276	-160.476757	89.578684	-0.028315	-0.015329	-0.001420	0.279716	0.227372	0.415406	-0.153218	-0.026975	0.004985	0.016918	0.206488	0.202376	0.467876
2021-07-29 06:15:32.000000 	-15.000000	55.349276	-160.476757	89.578684	-0.028909	-0.006808	0.018454	0.331368	0.269368	0.492124	-0.176369	-0.013793	-0.003245	0.031966	0.244621	0.239751	0.554283
2021-07-29 06:15:33.000000 	-14.000000	55.349276	-160.476757	89.578684	-0.028064	-0.009145	0.011943	0.311166	0.252954	0.462131	-0.167187	-0.017483	-0.000760	0.026601	0.229711	0.225139	0.520501
2021-07-29 06:15:34.000000 	-13.000000	55.349276	-160.476757	89.578684	-0.040476	-0.021908	0.011992	0.330622	0.268779	0.491036	-0.173430	-0.030587	0.007122	0.035718	0.244077	0.239220	0.553055
2021-07-29 06:15:35.000000 	-12.000000	55.349276	-160.476757	89.578684	-0.041549	-0.006245	0.037537	0.298418	0.242607	0.443217	-0.146121	-0.012589	-0.007999	0.054331	0.220307	0.215923	0.499195
2021-07-29 06:15:36.000000 	-11.000000	55.349276	-160.476757	89.578684	-0.035276	-0.014031	0.023323	0.285415	0.232044	0.423912	-0.145206	-0.017947	0.001436	0.040757	0.210710	0.206518	0.477451
2021-07-29 06:15:37.000000 	-10.000000	55.349276	-160.476757	89.578684	-0.047407	-0.005415	0.015452	0.335224	0.272548	0.497902	-0.174532	-0.029459	-0.010739	0.039145	0.247486	0.242564	0.560784
2021-07-29 06:15:38.000000 	-9.000000	55.349276	-160.476757	89.578684	-0.026859	-0.015239	0.025481	0.302060	0.245593	0.448654	-0.156232	-0.010526	0.005387	0.038250	0.223005	0.218571	0.505314
2021-07-29 06:15:39.000000 	-8.000000	55.349276	-160.476757	89.578684	-0.041989	-0.011236	0.010807	0.328839	0.267375	0.488438	-0.173643	-0.029500	-0.003442	0.033527	0.242778	0.237952	0.550121
2021-07-29 06:15:40.000000 	-7.000000	55.349276	-160.476757	89.578684	-0.027788	-0.008474	0.014636	0.334173	0.271722	0.496372	-0.179654	-0.015553	-0.001299	0.028541	0.246721	0.241817	0.559056
2021-07-29 06:15:41.000000 	-6.000000	55.349276	-160.476757	89.578684	-0.037298	-0.014743	0.007705	0.311363	0.253183	0.462500	-0.165655	-0.028591	0.001431	0.029127	0.229883	0.225315	0.520905
2021-07-29 06:15:42.000000 	-5.000000	55.349276	-160.476757	89.578684	-0.043277	-0.006031	0.039471	0.275626	0.224132	0.409425	-0.131592	-0.012770	-0.008778	0.056807	0.203501	0.199458	0.461126
2021-07-29 06:15:43.000000 	-4.000000	55.349276	-160.476757	89.578684	-0.039038	-0.022705	0.019077	0.335922	0.273171	0.498999	-0.174147	-0.025662	0.008353	0.040927	0.248022	0.243096	0.562010
2021-07-29 06:15:44.000000 	-3.000000	55.349276	-160.476757	89.578684	-0.030685	-0.011553	0.012191	0.265312	0.215759	0.394119	-0.139451	-0.020035	0.000634	0.028667	0.195891	0.192001	0.443885
2021-07-29 06:15:45.000000 	-2.000000	55.349276	-160.476757	89.578684	-0.042686	-0.007530	0.020959	0.302980	0.246400	0.450084	-0.154870	-0.023249	-0.007168	0.041547	0.223707	0.219265	0.506915
2021-07-29 06:15:46.000000 	-1.000000	55.349276	-160.476757	89.578684	-0.032063	-0.016449	0.018582	0.339684	0.276259	0.504619	-0.179258	-0.018817	0.004788	0.035594	0.250811	0.245832	0.568335
2021-07-29 06:15:47.000000 	0.000000	55.349276	-160.476757	89.578684	-0.029094	0.001397	0.010777	0.277059	0.225336	0.411595	-0.148582	-0.016045	-0.011040	0.024191	0.204575	0.200514	0.463564
2021-07-29 06:15:48.000000 	1.000000	55.349276	-160.476757	89.578684	-0.023607	-0.014791	0.007426	0.341063	0.277400	0.506688	-0.186922	-0.018147	0.006052	0.021570	0.251837	0.246840	0.570663
2021-07-29 06:15:49.000000 	2.000000	55.349276	-160.476757	89.578684	-0.057393	-0.018502	0.034868	0.281213	0.228729	0.417782	-0.131085	-0.029760	-0.001742	0.062955	0.207647	0.203528	0.470530
2021-07-29 06:15:50.000000 	3.000000	55.349276	-160.476757	89.578684	-0.028729	-0.005115	0.011854	0.346416	0.281773	0.514662	-0.187956	-0.016941	-0.004780	0.026119	0.255798	0.250724	0.579640
2021-07-29 06:15:51.000000 	4.000000	55.349276	-160.476757	89.578684	-0.024611	-0.018082	0.009451	0.307376	0.250027	0.456671	-0.165909	-0.018679	0.008818	0.024399	0.226974	0.222472	0.514325
2021-07-29 06:15:52.000000 	5.000000	55.349276	-160.476757	89.578684	-0.052269	-0.008669	0.026578	0.323087	0.262816	0.480022	-0.161408	-0.027797	-0.009297	0.051521	0.238578	0.233848	0.540624
2021-07-29 06:15:53.000000 	6.000000	55.349276	-160.476757	89.578684	-0.024976	-0.010503	0.008858	0.262840	0.213815	0.390519	-0.141071	-0.017216	0.001553	0.022667	0.194093	0.190245	0.439819
2021-07-29 06:15:54.000000 	7.000000	55.349276	-160.476757	89.578684	-0.041770	-0.014629	0.028734	0.319813	0.260170	0.475177	-0.161204	-0.020070	-0.000171	0.048801	0.236168	0.231487	0.535164
2021-07-29 06:15:55.000000 	8.000000	55.349276	-160.476757	89.578684	-0.039328	-0.017994	0.033137	0.330297	0.268708	0.490763	-0.165892	-0.016598	0.003817	0.051754	0.243913	0.239080	0.552716
2021-07-29 06:15:56.000000 	9.000000	55.349276	-160.476757	89.578684	-0.023966	-0.008656	0.004706	0.297724	0.242218	0.442375	-0.163433	-0.018285	0.000149	0.018359	0.219863	0.215507	0.498219
2021-07-29 06:15:57.000000 	10.000000	55.349276	-160.476757	89.578684	-0.045284	-0.007882	0.018752	0.324868	0.264310	0.482716	-0.167686	-0.026615	-0.007705	0.041191	0.239912	0.235159	0.543650
2021-07-29 06:15:58.000000 	11.000000	55.349276	-160.476757	89.578684	-0.039451	-0.005803	0.028691	0.323063	0.262850	0.480044	-0.164686	-0.015870	-0.007715	0.045846	0.238583	0.233858	0.540640
2021-07-29 06:15:59.000000 	12.000000	55.349276	-160.476757	89.578684	-0.023155	-0.018003	0.016173	0.317492	0.258327	0.471776	-0.169584	-0.013707	0.009230	0.029134	0.234472	0.229830	0.531326
2021-07-29 06:16:00.000000 	13.000000	55.349276	-160.476757	89.578684	-0.047759	-0.020630	0.016176	0.314394	0.255815	0.467181	-0.160410	-0.033503	0.003483	0.042820	0.232188	0.227591	0.526150
2021-07-29 06:16:01.000000 	14.000000	55.349276	-160.476757	89.578684	-0.030139	-0.004360	0.017489	0.308026	0.250642	0.457728	-0.163160	-0.014623	-0.005963	0.031366	0.227488	0.222986	0.515502
2021-07-29 06:16:02.000000 	15.000000	55.349276	-160.476757	89.578684	-0.041231	-0.013748	0.034253	0.288129	0.234460	0.428169	-0.140847	-0.016272	-0.000821	0.052885	0.212797	0.208586	0.482212
2021-07-29 06:16:03.000000 	16.000000	55.349276	-160.476757	89.578684	-0.029094	-0.013388	-0.001293	0.355904	0.289621	0.528896	-0.197569	-0.026973	0.002895	0.017071	0.262857	0.257656	0.595650
2021-07-29 06:16:04.000000 	17.000000	55.349276	-160.476757	89.578684	-0.032473	-0.003368	0.019264	0.266544	0.216910	0.396108	-0.137777	-0.015150	-0.007678	0.033888	0.196862	0.192967	0.446102
2021-07-29 06:16:05.000000 	18.000000	55.349276	-160.476757	89.578684	-0.032869	-0.017227	0.011544	0.315447	0.256716	0.468792	-0.167622	-0.023657	0.005252	0.030384	0.232984	0.228376	0.527957
2021-07-29 06:16:06.000000 	19.000000	55.349276	-160.476757	89.578684	-0.030464	-0.005639	0.011388	0.314072	0.255606	0.466759	-0.168850	-0.018695	-0.004866	0.026764	0.231972	0.227385	0.525666
2021-07-29 06:16:07.000000 	20.000000	55.349276	-160.476757	89.578684	-0.056659	-0.022937	0.051545	0.314728	0.256149	0.467743	-0.143948	-0.020929	0.002684	0.077124	0.232460	0.227865	0.526773
2021-07-29 06:16:08.000000 	21.000000	55.349276	-160.476757	89.578684	-0.031152	-0.001821	0.008654	0.342537	0.278791	0.509081	-0.186630	-0.019733	-0.008695	0.024159	0.253004	0.248003	0.573326
2021-07-29 06:16:09.000000 	22.000000	55.349276	-160.476757	89.578684	-0.023721	-0.014465	0.002431	0.287818	0.234264	0.427767	-0.157976	-0.020986	0.005706	0.017460	0.212591	0.208390	0.481749
2021-07-29 06:16:10.000000 	23.000000	55.349276	-160.476757	89.578684	-0.035953	-0.013749	0.018298	0.309882	0.252232	0.460568	-0.161310	-0.021252	0.000943	0.036932	0.228892	0.224370	0.518688
2021-07-29 06:16:11.000000 	24.000000	55.349276	-160.476757	89.578684	-0.045146	-0.014346	0.034772	0.324795	0.264379	0.482743	-0.160822	-0.019177	-0.001567	0.055523	0.239912	0.235172	0.543660
2021-07-29 06:16:12.000000 	25.000000	55.349276	-160.476757	89.578684	-0.032200	-0.008594	0.003102	0.311689	0.253720	0.463273	-0.169850	-0.025565	-0.002661	0.021440	0.230234	0.225687	0.521731
2021-07-29 06:16:13.000000 	26.000000	55.349276	-160.476757	89.578684	-0.038296	-0.017867	0.027182	0.341246	0.277789	0.507213	-0.174961	-0.019149	0.004041	0.046278	0.252071	0.247093	0.571215
2021-07-29 06:16:14.000000 	27.000000	55.349276	-160.476757	89.578684	-0.038222	-0.011739	0.008502	0.271811	0.221274	0.404015	-0.142427	-0.028028	-0.001709	0.029707	0.200784	0.196820	0.454994
2021-07-29 06:16:15.000000 	28.000000	55.349276	-160.476757	89.578684	-0.032355	-0.006929	0.031670	0.319684	0.260255	0.475183	-0.163466	-0.008984	-0.004282	0.044708	0.236151	0.231490	0.535140
2021-07-29 06:16:16.000000 	29.000000	55.349276	-160.476757	89.578684	-0.035499	-0.005667	0.024041	0.326015	0.265419	0.484603	-0.169429	-0.015412	-0.006522	0.039877	0.240832	0.236079	0.545747
2021-07-29 06:16:17.000000 	30.000000	55.349276	-160.476757	89.578684	-0.041822	-0.023452	0.010363	0.349431	0.284493	0.519420	-0.184528	-0.032981	0.008127	0.035393	0.258134	0.253041	0.584955
2021-07-29 06:16:18.000000 	31.000000	55.349276	-160.476757	89.578684	-0.040323	-0.006792	0.018284	0.305493	0.248729	0.454117	-0.158225	-0.022736	-0.007074	0.037940	0.225680	0.221228	0.511411
2021-07-29 06:16:19.000000 	32.000000	55.349276	-160.476757	89.578684	-0.023506	-0.015132	0.023785	0.330105	0.268777	0.490711	-0.174189	-0.008862	0.006406	0.035039	0.243865	0.239055	0.552621
2021-07-29 06:16:20.000000 	33.000000	55.349276	-160.476757	89.578684	-0.031302	-0.014293	0.011309	0.268472	0.218602	0.399100	-0.141208	-0.021769	0.003011	0.028793	0.198337	0.194426	0.449450
2021-07-29 06:16:21.000000 	34.000000	55.349276	-160.476757	89.578684	-0.030413	-0.014527	0.020138	0.358846	0.292199	0.533456	-0.190547	-0.016124	0.003528	0.035624	0.265107	0.259880	0.600756
2021-07-29 06:16:22.000000 	35.000000	55.349276	-160.476757	89.578684	-0.042872	-0.015042	0.025677	0.282245	0.229833	0.419591	-0.140198	-0.022776	-0.000150	0.046955	0.208519	0.204409	0.472524
2021-07-29 06:16:23.000000 	36.000000	55.349276	-160.476757	89.578684	-0.041647	-0.014457	0.030458	0.303765	0.247365	0.451591	-0.151307	-0.018948	-0.000293	0.050121	0.224421	0.219998	0.508559
2021-07-29 06:16:24.000000 	37.000000	55.349276	-160.476757	89.578684	-0.026737	-0.012189	0.019158	0.328755	0.267724	0.488751	-0.174728	-0.013189	0.002553	0.032404	0.242888	0.238102	0.550406
2021-07-29 06:16:25.000000 	38.000000	55.349276	-160.476757	89.578684	-0.039279	-0.016251	0.036469	0.301430	0.245481	0.448137	-0.148054	-0.014187	0.002190	0.054138	0.222704	0.218316	0.504667
2021-07-29 06:16:26.000000 	39.000000	55.349276	-160.476757	89.578684	-0.033464	-0.017448	0.026504	0.338228	0.275458	0.502854	-0.174904	-0.015673	0.005261	0.043051	0.249895	0.244973	0.566284
2021-07-29 06:16:27.000000 	40.000000	55.349276	-160.476757	89.578684	-0.025617	-0.012306	0.019917	0.321517	0.261858	0.478019	-0.170524	-0.011921	0.003038	0.032450	0.237553	0.232874	0.538315
2021-07-29 06:16:28.000000 	41.000000	55.349276	-160.476757	89.578684	-0.036953	-0.014757	0.013086	0.313563	0.255389	0.466202	-0.165101	-0.025268	0.001559	0.033371	0.231680	0.227118	0.525006
2021-07-29 06:16:29.000000 	42.000000	55.349276	-160.476757	89.578684	-0.034224	-0.019886	0.023942	0.319865	0.260531	0.475581	-0.164743	-0.018389	0.007305	0.041814	0.236340	0.231687	0.535566
2021-07-29 06:16:30.000000 	43.000000	55.349276	-160.476757	89.578684	-0.018141	-0.016873	0.011420	0.329703	0.268553	0.490217	-0.180082	-0.012211	0.009840	0.022322	0.243613	0.238818	0.552048
2021-07-29 06:16:31.000000 	44.000000	55.349276	-160.476757	89.578684	-0.039086	-0.013368	0.043931	0.283315	0.230777	0.421254	-0.134879	-0.009002	-0.000462	0.059625	0.209341	0.205222	0.474384
2021-07-29 06:16:32.000000 	45.000000	55.349276	-160.476757	89.578684	-0.027820	-0.014637	0.002586	0.351115	0.286014	0.522073	-0.193601	-0.024124	0.004498	0.019817	0.259443	0.254338	0.587918
2021-07-29 06:16:33.000000 	46.000000	55.349276	-160.476757	89.578684	-0.041414	-0.012210	0.042068	0.304125	0.247745	0.452212	-0.147223	-0.011548	-0.002332	0.059120	0.224725	0.220304	0.509244
2021-07-29 06:16:34.000000 	47.000000	55.349276	-160.476757	89.578684	-0.048348	-0.017595	-0.008983	0.245727	0.200180	0.365386	-0.129458	-0.047430	0.000426	0.021862	0.181577	0.178005	0.411466
2021-07-29 06:16:35.000000 	48.000000	55.349276	-160.476757	89.578684	-0.037634	-0.014603	0.010933	0.344349	0.280533	0.512043	-0.183689	-0.026978	0.001187	0.031936	0.254457	0.249453	0.576618
2021-07-29 06:16:36.000000 	49.000000	55.349276	-160.476757	89.578684	-0.027996	-0.009718	0.028784	0.288697	0.235203	0.429297	-0.147584	-0.008012	-0.000197	0.040527	0.213337	0.209142	0.483435
2021-07-29 06:16:37.000000 	50.000000	55.349276	-160.476757	89.578684	-0.028640	-0.025847	0.025272	0.330330	0.269131	0.491216	-0.171096	-0.014943	0.014789	0.041049	0.244106	0.239308	0.553160
2021-07-29 06:16:38.000000 	51.000000	55.349276	-160.476757	89.578684	-0.045905	-0.019794	-0.002508	0.342568	0.279111	0.509423	-0.184597	-0.042459	0.003315	0.026298	0.253154	0.248178	0.573662
2021-07-29 06:16:39.000000 	52.000000	55.349276	-160.476757	89.578684	-0.037660	-0.010667	0.018411	0.267154	0.217675	0.397285	-0.136281	-0.021664	-0.002532	0.037354	0.197428	0.193548	0.447382
2021-07-29 06:16:40.000000 	53.000000	55.349276	-160.476757	89.578684	-0.041647	-0.008537	0.004135	0.328036	0.267290	0.487831	-0.176237	-0.032287	-0.005872	0.027342	0.242423	0.237661	0.549345
2021-07-29 06:16:41.000000 	54.000000	55.349276	-160.476757	89.578684	-0.056537	0.000336	0.006332	0.317448	0.258672	0.472094	-0.165301	-0.040143	-0.019210	0.035442	0.234603	0.229994	0.531621
2021-07-29 06:16:42.000000 	55.000000	55.349276	-160.476757	89.578684	-0.044400	-0.006583	0.029273	0.302544	0.246536	0.449938	-0.151090	-0.019591	-0.008634	0.049124	0.223592	0.219201	0.506670
2021-07-29 06:16:43.000000 	56.000000	55.349276	-160.476757	89.578684	-0.025380	-0.011530	0.025699	0.326896	0.266390	0.486163	-0.171537	-0.008236	0.002385	0.036933	0.241593	0.236850	0.547461
2021-07-29 06:16:44.000000 	57.000000	55.349276	-160.476757	89.578684	-0.061940	-0.005752	0.017322	0.352288	0.287092	0.523937	-0.179352	-0.039757	-0.015279	0.048535	0.260364	0.255253	0.589996
2021-07-29 06:16:45.000000 	58.000000	55.349276	-160.476757	89.578684	-0.029257	-0.007006	0.027843	0.290355	0.236629	0.431836	-0.148879	-0.008779	-0.003174	0.039914	0.214596	0.210383	0.486281
2021-07-29 06:16:46.000000 	59.000000	55.349276	-160.476757	89.578684	-0.041826	-0.005211	0.018927	0.317298	0.258597	0.471917	-0.164632	-0.023101	-0.009067	0.038974	0.234513	0.229911	0.531414
2021-07-29 06:16:47.000000 	60.000000	55.349276	-160.476757	89.578684	-0.025195	0.009931	0.036229	0.307882	0.250931	0.457920	-0.158147	0.003794	-0.017780	0.041418	0.227557	0.223092	0.515650
2021-07-29 06:16:48.000000 	61.000000	55.349276	-160.476757	89.578684	-0.061152	-0.022681	0.005500	0.325848	0.265583	0.484650	-0.166649	-0.050521	0.000940	0.041604	0.240840	0.236115	0.545749
2021-07-29 06:16:49.000000 	62.000000	55.349276	-160.476757	89.578684	-0.021970	-0.001813	0.029389	0.312635	0.254823	0.465007	-0.163651	-0.000823	-0.005633	0.036294	0.231079	0.226546	0.523628
2021-07-29 06:16:50.000000 	63.000000	55.349276	-160.476757	89.578684	-0.039051	-0.011578	0.041568	0.335242	0.273259	0.498641	-0.166316	-0.009826	-0.002138	0.057322	0.247793	0.242933	0.561501
2021-07-29 06:16:51.000000 	64.000000	55.349276	-160.476757	89.578684	-0.020317	-0.020744	0.009748	0.303125	0.247090	0.450879	-0.164292	-0.015913	0.012762	0.022849	0.224058	0.219665	0.507716
2021-07-29 06:16:52.000000 	65.000000	55.349276	-160.476757	89.578684	-0.038592	-0.014974	0.035961	0.283577	0.231163	0.421810	-0.138263	-0.013592	0.001216	0.053109	0.209612	0.205503	0.474981
2021-07-29 06:16:53.000000 	66.000000	55.349276	-160.476757	89.578684	-0.050711	0.003550	0.000469	0.357034	0.291054	0.531084	-0.192881	-0.038076	-0.020293	0.026887	0.263914	0.258742	0.598028
2021-07-29 06:16:54.000000 	67.000000	55.349276	-160.476757	89.578684	-0.032611	-0.030314	0.005697	0.289871	0.236311	0.431187	-0.153367	-0.030379	0.017673	0.027922	0.214272	0.210073	0.485538
2021-07-29 06:16:55.000000 	68.000000	55.349276	-160.476757	89.578684	-0.016748	-0.003901	0.051712	0.291373	0.237544	0.433431	-0.143077	0.015344	-0.001920	0.052256	0.215387	0.211167	0.488062
2021-07-29 06:16:56.000000 	69.000000	55.349276	-160.476757	89.578684	-0.017593	-0.010340	-0.000658	0.343269	0.279863	0.510638	-0.193662	-0.016857	0.003866	0.010851	0.253754	0.248783	0.574999
2021-07-29 06:16:57.000000 	70.000000	55.349276	-160.476757	89.578684	-0.081564	-0.014358	0.022376	0.266337	0.217149	0.396203	-0.118946	-0.054465	-0.013725	0.064844	0.196887	0.193031	0.446140
2021-07-29 06:16:58.000000 	71.000000	55.349276	-160.476757	89.578684	-0.021176	-0.017420	0.007165	0.314544	0.256462	0.467924	-0.172148	-0.017134	0.009342	0.020552	0.232528	0.227974	0.526899
2021-07-29 06:16:59.000000 	72.000000	55.349276	-160.476757	89.578684	-0.049347	-0.014741	0.019602	0.345617	0.281808	0.514159	-0.177695	-0.031168	-0.002598	0.045371	0.255503	0.250501	0.578959
2021-07-29 06:17:00.000000 	73.000000	55.349276	-160.476757	89.578684	-0.028734	0.002158	0.021429	0.316187	0.257820	0.470385	-0.167479	-0.009501	-0.011636	0.032616	0.233751	0.229175	0.529666
2021-07-29 06:17:01.000000 	74.000000	55.349276	-160.476757	89.578684	-0.020323	-0.022688	0.009372	0.296216	0.241544	0.440682	-0.160185	-0.016666	0.014592	0.022911	0.218991	0.214705	0.496219
2021-07-29 06:17:02.000000 	75.000000	55.349276	-160.476757	89.578684	-0.039751	0.012925	0.037243	0.326713	0.266423	0.486063	-0.164901	-0.006092	-0.025466	0.049483	0.241542	0.236815	0.547317
2021-07-29 06:17:03.000000 	76.000000	55.349276	-160.476757	89.578684	-0.055824	-0.037950	0.008596	0.313394	0.255570	0.466255	-0.157884	-0.048829	0.017113	0.044197	0.231699	0.227166	0.525012
2021-07-29 06:17:04.000000 	77.000000	55.349276	-160.476757	89.578684	0.002002	-0.010377	0.056463	0.309439	0.252354	0.460380	-0.155022	0.030803	0.010449	0.047347	0.228779	0.224304	0.518395
2021-07-29 06:17:05.000000 	78.000000	55.349276	-160.476757	89.578684	-0.031769	-0.008121	0.017192	0.352688	0.287635	0.524735	-0.188577	-0.017090	-0.002962	0.032711	0.260760	0.255660	0.590857
2021-07-29 06:17:06.000000 	79.000000	55.349276	-160.476757	89.578684	-0.037524	-0.021949	0.017657	0.302902	0.247041	0.450670	-0.156208	-0.025089	0.008147	0.038804	0.223954	0.219575	0.507458
2021-07-29 06:17:07.000000 	80.000000	55.349276	-160.476757	89.578684	-0.056338	-0.021522	0.004821	0.342313	0.279194	0.509318	-0.178346	-0.046857	0.001457	0.038246	0.253098	0.248150	0.573494
2021-07-29 06:17:08.000000 	81.000000	55.349276	-160.476757	89.578684	-0.044389	0.003640	0.043819	0.308688	0.251778	0.459296	-0.149778	-0.008502	-0.018265	0.059143	0.228241	0.223779	0.517167
2021-07-29 06:17:09.000000 	82.000000	55.349276	-160.476757	89.578684	-0.023611	-0.024383	0.013034	0.337164	0.275015	0.501675	-0.181502	-0.017599	0.015090	0.028008	0.249301	0.244429	0.564885
2021-07-29 06:17:10.000000 	83.000000	55.349276	-160.476757	89.578684	-0.030982	-0.005960	0.024849	0.308933	0.251997	0.459677	-0.160570	-0.011531	-0.004737	0.038176	0.228431	0.223967	0.517594
2021-07-29 06:17:11.000000 	84.000000	55.349276	-160.476757	89.578684	-0.041051	-0.014823	0.025802	0.316193	0.257928	0.470488	-0.160638	-0.021233	0.000252	0.046040	0.233803	0.229236	0.529765
2021-07-29 06:17:12.000000 	85.000000	55.349276	-160.476757	89.578684	-0.036002	0.007667	0.022209	0.307698	0.251008	0.457856	-0.160615	-0.013178	-0.019258	0.036106	0.227526	0.223082	0.515540
2021-07-29 06:17:13.000000 	86.000000	55.349276	-160.476757	89.578684	-0.038523	-0.022264	0.006002	0.326100	0.266029	0.485247	-0.173852	-0.032576	0.008110	0.029812	0.241138	0.236429	0.546380
2021-07-29 06:17:14.000000 	87.000000	55.349276	-160.476757	89.578684	-0.035618	-0.011861	0.039747	0.335341	0.273577	0.499006	-0.168099	-0.008278	-0.000724	0.054038	0.247976	0.243134	0.561871
2021-07-29 06:17:15.000000 	88.000000	55.349276	-160.476757	89.578684	-0.022296	0.009934	0.039085	0.315397	0.257316	0.469337	-0.162176	0.007666	-0.016814	0.042213	0.233232	0.228679	0.528462
2021-07-29 06:17:16.000000 	89.000000	55.349276	-160.476757	89.578684	-0.060690	-0.019244	0.006811	0.291554	0.237872	0.433864	-0.146611	-0.048473	-0.002144	0.041782	0.215605	0.211396	0.488519
2021-07-29 06:17:17.000000 	90.000000	55.349276	-160.476757	89.578684	-0.033422	-0.016003	0.023830	0.351021	0.286401	0.522368	-0.183733	-0.016763	0.003913	0.040555	0.259586	0.254520	0.588170
2021-07-29 06:17:18.000000 	91.000000	55.349276	-160.476757	89.578684	-0.026018	-0.017991	0.025215	0.300236	0.244974	0.446800	-0.155434	-0.010782	0.008262	0.038103	0.222034	0.217701	0.503082
2021-07-29 06:17:19.000000 	92.000000	55.349276	-160.476757	89.578684	-0.055894	-0.008065	-0.006276	0.314383	0.256526	0.467861	-0.167626	-0.049122	-0.011077	0.026322	0.232500	0.227964	0.526794
2021-07-29 06:17:20.000000 	93.000000	55.349276	-160.476757	89.578684	-0.037080	-0.014779	0.053328	0.321570	0.262400	0.478566	-0.153856	-0.002492	0.001537	0.066548	0.237820	0.233181	0.538845
2021-07-29 06:17:21.000000 	94.000000	55.349276	-160.476757	89.578684	0.002717	-0.015416	0.008108	0.296433	0.241897	0.441164	-0.167534	0.002479	0.015438	0.008143	0.219234	0.214959	0.496731
2021-07-29 06:17:22.000000 	95.000000	55.349276	-160.476757	89.578684	-0.019617	-0.002747	0.031779	0.333602	0.272238	0.496489	-0.175472	0.002104	-0.003967	0.037177	0.246728	0.241917	0.559023
2021-07-29 06:17:23.000000 	96.000000	55.349276	-160.476757	89.578684	-0.037331	-0.004899	0.011269	0.287782	0.234855	0.428305	-0.151847	-0.023884	-0.007858	0.030206	0.212844	0.208695	0.482249
2021-07-29 06:17:24.000000 	97.000000	55.349276	-160.476757	89.578684	-0.060578	-0.025922	0.003916	0.366018	0.298713	0.544752	-0.190739	-0.051869	0.004187	0.040610	0.270713	0.265436	0.613360
2021-07-29 06:17:25.000000 	98.000000	55.349276	-160.476757	89.578684	-0.047386	-0.014251	0.021085	0.316942	0.258671	0.471720	-0.161115	-0.028669	-0.002404	0.045446	0.234420	0.229852	0.531129
2021-07-29 06:17:26.000000 	99.000000	55.349276	-160.476757	89.578684	-0.049437	-0.009344	0.023825	0.254971	0.208101	0.379493	-0.123656	-0.027353	-0.007715	0.047867	0.188589	0.184914	0.427285
2021-07-29 06:17:27.000000 	100.000000	55.349276	-160.476757	89.578684	-0.049713	-0.001391	0.028614	0.360477	0.294223	0.536534	-0.184155	-0.022657	-0.015302	0.050443	0.266631	0.261436	0.604102
2021-07-29 06:17:28.000000 	101.000000	55.349276	-160.476757	89.578684	-0.018125	-0.027365	0.045464	0.297300	0.242666	0.442508	-0.146283	0.004273	0.019734	0.052313	0.219905	0.215622	0.498234
2021-07-29 06:17:29.000000 	102.000000	55.349276	-160.476757	89.578684	-0.038675	-0.012740	-0.022649	0.359036	0.293068	0.534408	-0.204798	-0.046366	-0.000917	0.004514	0.265575	0.260403	0.601704
2021-07-29 06:17:30.000000 	103.000000	55.349276	-160.476757	89.578684	-0.069847	0.002752	0.022229	0.318592	0.260065	0.474217	-0.155871	-0.040760	-0.025936	0.055193	0.235664	0.231075	0.533932
2021-07-29 06:17:31.000000 	104.000000	55.349276	-160.476757	89.578684	-0.042637	-0.019641	0.037505	0.290427	0.237083	0.432302	-0.140065	-0.017133	0.004263	0.057433	0.214835	0.210652	0.486738
2021-07-29 06:17:32.000000 	105.000000	55.349276	-160.476757	89.578684	-0.035840	-0.024684	0.009906	0.327760	0.267569	0.487881	-0.173877	-0.028942	0.011288	0.032046	0.242455	0.237736	0.549313
2021-07-29 06:17:33.000000 	106.000000	55.349276	-160.476757	89.578684	-0.040284	-0.017189	0.017804	0.345594	0.282138	0.514436	-0.180900	-0.025836	0.002738	0.039500	0.255653	0.250677	0.579210
2021-07-29 06:17:34.000000 	107.000000	55.349276	-160.476757	89.578684	0.000264	0.002786	0.020548	0.339073	0.276825	0.504738	-0.188669	0.012654	-0.002537	0.016233	0.250834	0.245953	0.568289
2021-07-29 06:17:35.000000 	108.000000	55.349276	-160.476757	89.578684	-0.040890	0.002507	0.043697	0.263502	0.215135	0.392252	-0.124438	-0.006169	-0.016027	0.057382	0.194933	0.191141	0.441638
2021-07-29 06:17:36.000000 	109.000000	55.349276	-160.476757	89.578684	-0.036807	0.002792	0.009908	0.323068	0.263777	0.480930	-0.173835	-0.022137	-0.014932	0.027345	0.239003	0.234354	0.541480
2021-07-29 06:17:37.000000 	110.000000	55.349276	-160.476757	89.578684	-0.027686	-0.004851	0.033336	0.313223	0.255748	0.466282	-0.160740	-0.003846	-0.004681	0.043182	0.231725	0.227218	0.524986
2021-07-29 06:17:38.000000 	111.000000	55.349276	-160.476757	89.578684	-0.047632	-0.015943	0.041745	0.343946	0.280845	0.512027	-0.168601	-0.017579	-0.000892	0.062895	0.254459	0.249511	0.576489
2021-07-29 06:17:39.000000 	112.000000	55.349276	-160.476757	89.578684	-0.044803	-0.017131	0.047434	0.346509	0.282947	0.515851	-0.168497	-0.012477	0.001173	0.066285	0.256360	0.251376	0.580792
2021-07-29 06:17:40.000000 	113.000000	55.349276	-160.476757	89.578684	-0.010278	-0.029537	0.031541	0.322015	0.262956	0.479395	-0.168014	0.001844	0.024404	0.037067	0.238243	0.233612	0.539744
2021-07-29 06:17:41.000000 	114.000000	55.349276	-160.476757	89.578684	-0.041817	0.001712	0.030078	0.298493	0.243757	0.444384	-0.150055	-0.014850	-0.015589	0.046827	0.220845	0.216553	0.500325
2021-07-29 06:17:42.000000 	115.000000	55.349276	-160.476757	89.578684	-0.032654	-0.029258	0.022461	0.339300	0.277091	0.505145	-0.176091	-0.020591	0.016663	0.041536	0.251042	0.246164	0.568732
2021-07-29 06:17:43.000000 	116.000000	55.349276	-160.476757	89.578684	-0.027628	-0.019078	0.004431	0.257430	0.210240	0.383265	-0.138054	-0.024146	0.008748	0.022076	0.190472	0.186771	0.431509
2021-07-29 06:17:44.000000 	117.000000	55.349276	-160.476757	89.578684	-0.042615	-0.024702	0.014026	0.364422	0.297630	0.542565	-0.191781	-0.031857	0.009041	0.039068	0.269641	0.264402	0.610859
2021-07-29 06:17:45.000000 	118.000000	55.349276	-160.476757	89.578684	-0.058462	-0.024436	0.013767	0.266580	0.217729	0.396902	-0.129551	-0.044218	0.003494	0.047298	0.197250	0.193419	0.446859
2021-07-29 06:17:46.000000 	119.000000	55.349276	-160.476757	89.578684	-0.025030	-0.012057	0.013395	0.352775	0.288139	0.525242	-0.191688	-0.015105	0.002999	0.026723	0.261034	0.255964	0.591352
2021-07-29 06:17:47.000000 	120.000000	55.349276	-160.476757	89.578684	-0.029473	-0.017270	0.023615	0.268138	0.219017	0.399234	-0.136619	-0.014172	0.006427	0.038502	0.198411	0.194559	0.449483
2021-07-29 06:17:48.000000 	121.000000	55.349276	-160.476757	89.578684	-0.039152	0.006288	0.013919	0.302284	0.246917	0.450083	-0.159766	-0.020713	-0.019010	0.031236	0.223682	0.219340	0.506729
2021-07-29 06:17:49.000000 	122.000000	55.349276	-160.476757	89.578684	-0.035189	0.002972	0.033310	0.304316	0.248586	0.453115	-0.154207	-0.007527	-0.014561	0.045694	0.225190	0.220819	0.510141
2021-07-29 06:17:50.000000 	123.000000	55.349276	-160.476757	89.578684	-0.039946	0.000392	0.025376	0.307417	0.251129	0.457740	-0.157600	-0.016435	-0.013719	0.042207	0.227490	0.223075	0.515347
2021-07-29 06:17:51.000000 	124.000000	55.349276	-160.476757	89.578684	-0.064806	-0.011748	0.026120	0.354350	0.289479	0.527632	-0.175978	-0.038625	-0.010585	0.058448	0.262226	0.257138	0.594033
2021-07-29 06:17:52.000000 	125.000000	55.349276	-160.476757	89.578684	-0.068663	-0.025160	0.024151	0.342657	0.279937	0.510230	-0.167138	-0.046423	0.000767	0.061443	0.253578	0.248659	0.574439
2021-07-29 06:17:53.000000 	126.000000	55.349276	-160.476757	89.578684	-0.019441	-0.006562	0.019625	0.344681	0.281601	0.513252	-0.186612	-0.005718	-0.000313	0.027809	0.255081	0.250133	0.577839
2021-07-29 06:17:54.000000 	127.000000	55.349276	-160.476757	89.578684	-0.019239	-0.000888	0.030864	0.297871	0.243367	0.443557	-0.155457	0.002387	-0.005592	0.035868	0.220445	0.216169	0.499373
2021-07-29 06:17:55.000000 	128.000000	55.349276	-160.476757	89.578684	-0.030703	-0.012915	0.024711	0.304738	0.248987	0.453790	-0.157683	-0.013305	0.001912	0.039235	0.225531	0.221158	0.510891
2021-07-29 06:17:56.000000 	129.000000	55.349276	-160.476757	89.578684	-0.022281	0.000758	0.031491	0.314831	0.257243	0.468828	-0.164424	0.000838	-0.008161	0.037702	0.233006	0.228488	0.527819
2021-07-29 06:17:57.000000 	130.000000	55.349276	-160.476757	89.578684	-0.022404	0.004354	0.016026	0.298550	0.243949	0.444590	-0.161480	-0.007062	-0.011591	0.024362	0.220961	0.216678	0.500530
2021-07-29 06:17:58.000000 	131.000000	55.349276	-160.476757	89.578684	-0.059433	-0.018151	0.050142	0.333871	0.272821	0.497197	-0.155737	-0.022562	-0.002754	0.076546	0.247108	0.242318	0.559755
2021-07-29 06:17:59.000000 	132.000000	55.349276	-160.476757	89.578684	-0.038472	-0.015670	0.038514	0.297041	0.242734	0.442358	-0.145245	-0.012239	0.001912	0.055277	0.219853	0.215593	0.498014
2021-07-29 06:18:00.000000 	133.000000	55.349276	-160.476757	89.578684	-0.049671	-0.009758	0.022280	0.342546	0.279930	0.510133	-0.175505	-0.028526	-0.007403	0.046801	0.253539	0.248627	0.574315
2021-07-29 06:18:01.000000 	134.000000	55.349276	-160.476757	89.578684	-0.027892	-0.017229	0.008874	0.343896	0.281044	0.512151	-0.186958	-0.021316	0.006917	0.025521	0.254543	0.249612	0.576585
2021-07-29 06:18:02.000000 	135.000000	55.349276	-160.476757	89.578684	-0.035580	-0.022312	0.027598	0.274645	0.224458	0.409025	-0.136548	-0.018029	0.009139	0.046009	0.203290	0.199352	0.460483
2021-07-29 06:18:03.000000 	136.000000	55.349276	-160.476757	89.578684	-0.029843	-0.021213	0.018701	0.318886	0.260625	0.474921	-0.167565	-0.018337	0.010020	0.035407	0.236042	0.231471	0.534667
2021-07-29 06:18:04.000000 	137.000000	55.349276	-160.476757	89.578684	-0.038023	-0.009506	0.020438	0.306554	0.250555	0.456563	-0.158726	-0.020473	-0.003747	0.038995	0.226919	0.222525	0.513998
2021-07-29 06:18:05.000000 	138.000000	55.349276	-160.476757	89.578684	-0.034579	-0.021001	0.012631	0.339815	0.277751	0.506108	-0.180817	-0.025402	0.008238	0.032911	0.251545	0.246675	0.569774
2021-07-29 06:18:06.000000 	139.000000	55.349276	-160.476757	89.578684	-0.051747	-0.011250	0.013250	0.272068	0.222386	0.405215	-0.136832	-0.035681	-0.006691	0.040767	0.201400	0.197502	0.456187
2021-07-29 06:18:07.000000 	140.000000	55.349276	-160.476757	89.578684	-0.048238	-0.000457	0.053334	0.326949	0.267254	0.486961	-0.155344	-0.007202	-0.015690	0.069811	0.242030	0.237346	0.548214
2021-07-29 06:18:08.000000 	141.000000	55.349276	-160.476757	89.578684	-0.034148	-0.006515	0.012677	0.317120	0.259230	0.472329	-0.169336	-0.021060	-0.005272	0.029966	0.234760	0.230217	0.531740
2021-07-29 06:18:09.000000 	142.000000	55.349276	-160.476757	89.578684	-0.039598	-0.005603	0.022181	0.320100	0.261676	0.476777	-0.165887	-0.019630	-0.007952	0.040531	0.236971	0.232387	0.536745
2021-07-29 06:18:10.000000 	143.000000	55.349276	-160.476757	89.578684	-0.009099	-0.006517	0.018571	0.317557	0.259607	0.472996	-0.173965	0.001713	0.003102	0.021391	0.235093	0.230546	0.532487
2021-07-29 06:18:11.000000 	144.000000	55.349276	-160.476757	89.578684	-0.043506	-0.018450	0.013016	0.288310	0.235706	0.429440	-0.148286	-0.031403	0.002850	0.037527	0.213446	0.209318	0.483452
2021-07-29 06:18:12.000000 	145.000000	55.349276	-160.476757	89.578684	-0.054524	-0.012426	0.022815	0.333143	0.272369	0.496228	-0.168079	-0.032718	-0.006510	0.050348	0.246643	0.241874	0.558637
2021-07-29 06:18:13.000000 	146.000000	55.349276	-160.476757	89.578684	-0.027023	-0.003772	0.042241	0.349372	0.285648	0.520410	-0.178526	0.002029	-0.005476	0.049947	0.258664	0.253663	0.585859
2021-07-29 06:18:14.000000 	147.000000	55.349276	-160.476757	89.578684	-0.048831	-0.013132	0.033033	0.288580	0.235953	0.429863	-0.139752	-0.022689	-0.003942	0.055837	0.213660	0.209529	0.483923
2021-07-29 06:18:15.000000 	148.000000	55.349276	-160.476757	89.578684	-0.032594	-0.014879	0.015115	0.331870	0.271359	0.494355	-0.176559	-0.020768	0.003131	0.032728	0.245716	0.240967	0.556524
2021-07-29 06:18:16.000000 	149.000000	55.349276	-160.476757	89.578684	-0.038494	-0.007020	0.031064	0.285294	0.233284	0.424983	-0.142300	-0.014113	-0.006248	0.047517	0.211237	0.207154	0.478426
2021-07-29 06:18:17.000000 	150.000000	55.349276	-160.476757	89.578684	-0.028013	-0.007276	0.032487	0.375169	0.306786	0.558872	-0.196936	-0.005249	-0.002504	0.043119	0.277787	0.272420	0.629150
2021-07-29 06:18:18.000000 	151.000000	55.349276	-160.476757	89.578684	-0.036264	-0.004234	0.006268	0.249070	0.203679	0.371034	-0.131666	-0.025717	-0.008128	0.025394	0.184424	0.180861	0.417690
2021-07-29 06:18:19.000000 	152.000000	55.349276	-160.476757	89.578684	-0.054698	-0.020258	0.033009	0.363198	0.297019	0.541056	-0.180882	-0.029210	0.000814	0.060316	0.268935	0.263740	0.609089
2021-07-29 06:18:20.000000 	153.000000	55.349276	-160.476757	89.578684	-0.031943	-0.023427	0.027717	0.276986	0.226525	0.412633	-0.138801	-0.015448	0.011405	0.044369	0.205103	0.201142	0.464517
2021-07-29 06:18:21.000000 	154.000000	55.349276	-160.476757	89.578684	-0.034542	-0.018702	0.035064	0.347867	0.284504	0.518234	-0.177067	-0.011987	0.006083	0.050909	0.257595	0.252621	0.583394
2021-07-29 06:18:22.000000 	155.000000	55.349276	-160.476757	89.578684	-0.038467	-0.013195	0.007153	0.286739	0.234519	0.427176	-0.151762	-0.029386	-0.000419	0.029005	0.212334	0.208235	0.480885
2021-07-29 06:18:23.000000 	156.000000	55.349276	-160.476757	89.578684	-0.034112	0.001247	0.008950	0.361168	0.295404	0.538066	-0.197240	-0.021017	-0.012575	0.025406	0.267456	0.262293	0.605715
2021-07-29 06:18:24.000000 	157.000000	55.349276	-160.476757	89.578684	-0.056093	-0.004606	0.049110	0.266623	0.218083	0.397220	-0.119061	-0.016834	-0.014405	0.071334	0.197447	0.193636	0.447159
2021-07-29 06:18:25.000000 	158.000000	55.349276	-160.476757	89.578684	-0.040713	-0.025168	0.035213	0.347803	0.284494	0.518172	-0.174521	-0.018464	0.010116	0.055567	0.257570	0.252600	0.583316
2021-07-29 06:18:26.000000 	159.000000	55.349276	-160.476757	89.578684	-0.026798	-0.012254	0.019371	0.326713	0.267254	0.486759	-0.173834	-0.013132	0.002594	0.032624	0.241957	0.237289	0.547952
2021-07-29 06:18:27.000000 	160.000000	55.349276	-160.476757	89.578684	-0.044545	0.008824	0.038644	0.288942	0.236366	0.430492	-0.140863	-0.010140	-0.023203	0.053984	0.213989	0.209861	0.484609
2021-07-29 06:18:28.000000 	161.000000	55.349276	-160.476757	89.578684	-0.026309	-0.010815	0.012470	0.328332	0.268598	0.489186	-0.177782	-0.016282	0.001401	0.026412	0.243167	0.238477	0.550680
2021-07-29 06:18:29.000000 	162.000000	55.349276	-160.476757	89.578684	-0.034802	-0.016344	0.025390	0.304413	0.249040	0.453556	-0.155813	-0.017040	0.003774	0.042642	0.225457	0.221109	0.510570
2021-07-29 06:18:30.000000 	163.000000	55.349276	-160.476757	89.578684	-0.025096	0.000426	0.023239	0.310444	0.253984	0.462550	-0.164562	-0.006127	-0.008788	0.032485	0.229929	0.225496	0.520692
2021-07-29 06:18:31.000000 	164.000000	55.349276	-160.476757	89.578684	-0.032778	-0.018172	0.028491	0.317401	0.259686	0.472923	-0.162519	-0.014211	0.006174	0.044455	0.235088	0.230555	0.532367
2021-07-29 06:18:32.000000 	165.000000	55.349276	-160.476757	89.578684	-0.041696	-0.000971	0.005469	0.355439	0.290818	0.529607	-0.192832	-0.029485	-0.013019	0.027028	0.263267	0.258192	0.596174
2021-07-29 06:18:33.000000 	166.000000	55.349276	-160.476757	89.578684	-0.041754	-0.001172	0.056293	0.327374	0.267865	0.487797	-0.156249	-0.000689	-0.012849	0.068907	0.242485	0.237811	0.549107
2021-07-29 06:18:34.000000 	167.000000	55.349276	-160.476757	89.578684	-0.048784	-0.020384	0.031627	0.265876	0.217555	0.396170	-0.126270	-0.025446	0.002909	0.056033	0.196938	0.193143	0.445962
2021-07-29 06:18:35.000000 	168.000000	55.349276	-160.476757	89.578684	-0.040374	-0.020907	0.022584	0.340149	0.278339	0.506848	-0.175651	-0.024210	0.006213	0.044186	0.251959	0.247104	0.570548
2021-07-29 06:18:36.000000 	169.000000	55.349276	-160.476757	89.578684	-0.033104	-0.009132	-0.004299	0.327385	0.267905	0.487837	-0.181910	-0.030622	-0.002456	0.015938	0.242510	0.237838	0.549146
2021-07-29 06:18:37.000000 	170.000000	55.349276	-160.476757	89.578684	-0.035760	-0.021279	0.043665	0.322234	0.263701	0.480170	-0.158105	-0.008749	0.008105	0.059127	0.238700	0.234102	0.540513
2021-07-29 06:18:38.000000 	171.000000	55.349276	-160.476757	89.578684	-0.040738	-0.009716	0.003189	0.299107	0.244784	0.445714	-0.160217	-0.032444	-0.004457	0.026301	0.221573	0.217306	0.501726
2021-07-29 06:18:39.000000 	172.000000	55.349276	-160.476757	89.578684	-0.041242	-0.016477	0.038063	0.308456	0.252444	0.459652	-0.151356	-0.014865	0.001747	0.056543	0.228504	0.224104	0.517414
2021-07-29 06:18:40.000000 	173.000000	55.349276	-160.476757	89.578684	-0.032154	0.002613	0.028270	0.310968	0.254510	0.463403	-0.161120	-0.008138	-0.013208	0.039990	0.230370	0.225935	0.521634
2021-07-29 06:18:41.000000 	174.000000	55.349276	-160.476757	89.578684	-0.043191	-0.010832	0.028095	0.317789	0.260103	0.473575	-0.160779	-0.020491	-0.004225	0.048315	0.235429	0.230897	0.533083
2021-07-29 06:18:42.000000 	175.000000	55.349276	-160.476757	89.578684	-0.033194	-0.003419	0.011801	0.342967	0.280721	0.511104	-0.185444	-0.019967	-0.007871	0.028146	0.254088	0.249197	0.575325
2021-07-29 06:18:43.000000 	176.000000	55.349276	-160.476757	89.578684	-0.037252	-0.005623	0.035319	0.292252	0.239220	0.435532	-0.145240	-0.010348	-0.007149	0.050086	0.216520	0.212353	0.490256
2021-07-29 06:18:44.000000 	177.000000	55.349276	-160.476757	89.578684	-0.033031	-0.009846	0.016197	0.310045	0.253794	0.462056	-0.163961	-0.019108	-0.001759	0.032896	0.229708	0.225288	0.520111
2021-07-29 06:18:45.000000 	178.000000	55.349276	-160.476757	89.578684	-0.040451	-0.015239	0.044257	0.324470	0.265611	0.483560	-0.158596	-0.010390	0.000844	0.060980	0.240400	0.235775	0.544314
2021-07-29 06:18:46.000000 	179.000000	55.349276	-160.476757	89.578684	-0.056592	-0.009577	0.035314	0.309552	0.253410	0.461336	-0.149207	-0.026432	-0.009886	0.061197	0.229353	0.224941	0.519296
2021-07-29 06:18:47.000000 	180.000000	55.349276	-160.476757	89.578684	-0.032352	-0.001097	0.014761	0.333340	0.272894	0.496795	-0.179159	-0.016993	-0.009778	0.029688	0.246984	0.242234	0.559209
2021-07-29 06:18:48.000000 	181.000000	55.349276	-160.476757	89.578684	-0.053862	-0.020125	0.036429	0.363630	0.297703	0.541946	-0.180197	-0.026581	0.000968	0.062655	0.269433	0.264252	0.610030
2021-07-29 06:18:49.000000 	182.000000	55.349276	-160.476757	89.578684	-0.014588	-0.004726	0.023968	0.257661	0.210954	0.384017	-0.135907	0.001018	-0.000420	0.028433	0.190919	0.187248	0.432259
2021-07-29 06:18:50.000000 	183.000000	55.349276	-160.476757	89.578684	-0.056256	-0.020573	0.032161	0.365729	0.299444	0.545092	-0.182322	-0.030987	0.000590	0.060513	0.271001	0.265791	0.613566
2021-07-29 06:18:51.000000 	184.000000	55.349276	-160.476757	89.578684	-0.040736	-0.009861	0.023589	0.290849	0.238144	0.433494	-0.147661	-0.020883	-0.004320	0.043108	0.215521	0.211378	0.487948
2021-07-29 06:18:52.000000 	185.000000	55.349276	-160.476757	89.578684	-0.019139	-0.004514	0.008048	0.296104	0.242457	0.441333	-0.163472	-0.011504	-0.002141	0.017735	0.219420	0.215203	0.496770
2021-07-29 06:18:53.000000 	186.000000	55.349276	-160.476757	89.578684	-0.045760	-0.012126	0.030941	0.308071	0.252265	0.459176	-0.153141	-0.021221	-0.003864	0.052279	0.228293	0.223906	0.516852
2021-07-29 06:18:54.000000 	187.000000	55.349276	-160.476757	89.578684	-0.035370	-0.008954	0.039912	0.336282	0.275377	0.501233	-0.169317	-0.007192	-0.003381	0.053489	0.249205	0.244417	0.564190
2021-07-29 06:18:55.000000 	188.000000	55.349276	-160.476757	89.578684	-0.019941	-0.012101	0.004331	0.296594	0.242886	0.442083	-0.164167	-0.016326	0.004742	0.016548	0.219799	0.215576	0.497609
2021-07-29 06:18:56.000000 	189.000000	55.349276	-160.476757	89.578684	-0.049014	-0.010868	0.022324	0.312704	0.256088	0.466103	-0.158337	-0.028297	-0.006137	0.046695	0.231743	0.227292	0.524643
2021-07-29 06:18:57.000000 	190.000000	55.349276	-160.476757	89.578684	-0.041772	-0.014451	0.037872	0.321864	0.263601	0.479764	-0.159398	-0.014827	-0.000339	0.056285	0.238537	0.233956	0.540019
2021-07-29 06:18:58.000000 	191.000000	55.349276	-160.476757	89.578684	-0.024678	-0.004656	0.026888	0.346454	0.283750	0.516425	-0.183805	-0.005126	-0.003859	0.036229	0.256767	0.251837	0.581282
2021-07-29 06:18:59.000000 	192.000000	55.349276	-160.476757	89.578684	-0.040805	-0.005537	0.025491	0.274136	0.224530	0.408634	-0.137574	-0.018666	-0.008417	0.043889	0.203175	0.199274	0.459952
2021-07-29 06:19:00.000000 	193.000000	55.349276	-160.476757	89.578684	-0.047507	-0.015498	0.021184	0.330412	0.270633	0.492528	-0.169126	-0.029050	-0.001270	0.045829	0.244890	0.240189	0.554380
2021-07-29 06:19:01.000000 	194.000000	55.349276	-160.476757	89.578684	-0.033679	-0.001168	0.028619	0.320655	0.262651	0.477991	-0.165966	-0.010162	-0.010154	0.041813	0.237664	0.233102	0.538015
2021-07-29 06:19:02.000000 	195.000000	55.349276	-160.476757	89.578684	-0.045857	-0.012145	0.047426	0.305191	0.249994	0.454946	-0.144910	-0.011928	-0.003879	0.065896	0.226208	0.221867	0.512074
2021-07-29 06:19:03.000000 	196.000000	55.349276	-160.476757	89.578684	-0.043331	-0.010892	0.015385	0.356901	0.292363	0.532038	-0.188582	-0.027843	-0.004215	0.037946	0.264542	0.259466	0.598844
2021-07-29 06:19:04.000000 	197.000000	55.349276	-160.476757	89.578684	-0.040861	-0.012335	0.023002	0.302514	0.247821	0.450969	-0.154460	-0.021994	-0.002029	0.043162	0.224235	0.219933	0.507594
2021-07-29 06:19:05.000000 	198.000000	55.349276	-160.476757	89.578684	-0.042495	-0.002263	0.019608	0.331799	0.271821	0.494632	-0.173382	-0.022421	-0.012069	0.039332	0.245947	0.241229	0.556737
2021-07-29 06:19:06.000000 	199.000000	55.349276	-160.476757	89.578684	-0.035484	-0.015570	0.017266	0.295887	0.242410	0.441102	-0.154031	-0.021976	0.002817	0.036178	0.219333	0.215126	0.496485
2021-07-29 06:19:07.000000 	200.000000	55.349276	-160.476757	89.578684	-0.039842	-0.012352	0.035863	0.291034	0.238444	0.433873	-0.143005	-0.013896	-0.001673	0.053200	0.215740	0.211603	0.488346
2021-07-29 06:19:08.000000 	201.000000	55.349276	-160.476757	89.578684	-0.033075	-0.014105	0.022703	0.308542	0.252798	0.459982	-0.160164	-0.016614	0.002241	0.039080	0.228725	0.224339	0.517731
2021-07-29 06:19:09.000000 	202.000000	55.349276	-160.476757	89.578684	-0.025194	-0.006936	0.027675	0.329648	0.270101	0.491454	-0.173394	-0.005705	-0.001882	0.037585	0.244376	0.239691	0.553152
2021-07-29 06:19:10.000000 	203.000000	55.349276	-160.476757	89.578684	-0.047895	-0.008429	0.031771	0.314825	0.257966	0.469362	-0.156558	-0.021388	-0.008062	0.053404	0.233393	0.228920	0.528285
2021-07-29 06:19:11.000000 	204.000000	55.349276	-160.476757	89.578684	-0.030040	-0.006181	0.021255	0.308495	0.252790	0.459933	-0.162400	-0.012905	-0.004213	0.034757	0.228707	0.224323	0.517670
2021-07-29 06:19:12.000000 	205.000000	55.349276	-160.476757	89.578684	-0.038311	-0.014209	0.021898	0.311677	0.255407	0.464683	-0.160816	-0.021160	0.000589	0.041244	0.231071	0.226643	0.523014
2021-07-29 06:19:13.000000 	206.000000	55.349276	-160.476757	89.578684	-0.031475	-0.012374	0.042279	0.321598	0.263547	0.479481	-0.160580	-0.003767	0.001144	0.053998	0.238432	0.233864	0.539668
2021-07-29 06:19:14.000000 	207.000000	55.349276	-160.476757	89.578684	-0.046983	-0.007983	0.032010	0.287360	0.235498	0.428440	-0.140718	-0.020423	-0.008177	0.053027	0.213053	0.208972	0.482219
2021-07-29 06:19:15.000000 	208.000000	55.349276	-160.476757	89.578684	-0.034694	-0.006156	0.032467	0.368545	0.302043	0.549492	-0.191666	-0.010132	-0.005792	0.046470	0.273252	0.268018	0.618463
2021-07-29 06:19:16.000000 	209.000000	55.349276	-160.476757	89.578684	-0.034236	-0.020410	0.018955	0.284309	0.233016	0.423904	-0.146431	-0.021378	0.007795	0.037817	0.210802	0.206765	0.477110
2021-07-29 06:19:17.000000 	210.000000	55.349276	-160.476757	89.578684	-0.050177	-0.005529	0.034312	0.321898	0.263833	0.479955	-0.159306	-0.020916	-0.011557	0.056166	0.238678	0.234107	0.540194
2021-07-29 06:19:18.000000 	211.000000	55.349276	-160.476757	89.578684	-0.035346	-0.012527	0.020571	0.273931	0.224528	0.408442	-0.140356	-0.019153	-0.000005	0.038243	0.203117	0.199228	0.459704
2021-07-29 06:19:19.000000 	212.000000	55.349276	-160.476757	89.578684	-0.039391	0.000725	0.034769	0.322602	0.264431	0.481019	-0.163253	-0.010573	-0.013847	0.049573	0.239212	0.234632	0.541388
2021-07-29 06:19:20.000000 	213.000000	55.349276	-160.476757	89.578684	-0.043800	-0.007455	0.020863	0.340692	0.279271	0.508000	-0.177287	-0.024148	-0.007611	0.042051	0.252632	0.247796	0.571753
2021-07-29 06:19:21.000000 	214.000000	55.349276	-160.476757	89.578684	-0.039729	-0.016968	0.028012	0.312616	0.256267	0.466144	-0.158300	-0.019541	0.002715	0.047558	0.231819	0.227382	0.524642
2021-07-29 06:19:22.000000 	215.000000	55.349276	-160.476757	89.578684	-0.045907	-0.003824	0.028138	0.304167	0.249350	0.453551	-0.152809	-0.020646	-0.011738	0.048475	0.225559	0.221243	0.510467
2021-07-29 06:19:23.000000 	216.000000	55.349276	-160.476757	89.578684	-0.051244	-0.021610	0.037035	0.292324	0.239651	0.435898	-0.138968	-0.024615	0.003242	0.062033	0.216782	0.212634	0.490596
2021-07-29 06:19:24.000000 	217.000000	55.349276	-160.476757	89.578684	-0.025401	-0.002503	0.014965	0.300254	0.246162	0.447730	-0.161775	-0.011874	-0.006130	0.026398	0.222669	0.218409	0.503911
2021-07-29 06:19:25.000000 	218.000000	55.349276	-160.476757	89.578684	-0.038021	-0.017006	0.027722	0.300083	0.246031	0.447481	-0.151595	-0.018392	0.003322	0.046411	0.222548	0.218291	0.503629
2021-07-29 06:19:26.000000 	219.000000	55.349276	-160.476757	89.578684	-0.036490	-0.004204	0.016629	0.333080	0.273096	0.496693	-0.176966	-0.019993	-0.008232	0.034033	0.247025	0.242301	0.559014
2021-07-29 06:19:27.000000 	220.000000	55.349276	-160.476757	89.578684	-0.030316	-0.009249	0.041736	0.270379	0.221695	0.403197	-0.131606	-0.002318	-0.001414	0.052336	0.200528	0.196693	0.453785
2021-07-29 06:19:28.000000 	221.000000	55.349276	-160.476757	89.578684	-0.035584	-0.005561	0.022452	0.338144	0.277270	0.504259	-0.177786	-0.016353	-0.006650	0.038596	0.250794	0.245998	0.567525
2021-07-29 06:19:29.000000 	222.000000	55.349276	-160.476757	89.578684	-0.052648	-0.010476	0.055971	0.345621	0.283411	0.515415	-0.163421	-0.011877	-0.007720	0.076248	0.256345	0.251444	0.580079
2021-07-29 06:19:30.000000 	223.000000	55.349276	-160.476757	89.578684	-0.025348	0.000404	0.011334	0.281979	0.231233	0.420513	-0.152852	-0.013098	-0.008851	0.022831	0.209147	0.205149	0.473269
2021-07-29 06:19:31.000000 	224.000000	55.349276	-160.476757	89.578684	-0.041284	-0.009496	0.016256	0.315888	0.259051	0.471089	-0.165157	-0.025377	-0.004847	0.037300	0.234304	0.229826	0.530187
2021-07-29 06:19:32.000000 	225.000000	55.349276	-160.476757	89.578684	-0.039001	-0.028666	0.037559	0.303501	0.248902	0.452622	-0.148023	-0.016765	0.013984	0.057244	0.225122	0.220820	0.509402
2021-07-29 06:19:33.000000 	226.000000	55.349276	-160.476757	89.578684	-0.032712	-0.008067	0.017007	0.331926	0.272224	0.495020	-0.176880	-0.017911	-0.003329	0.033053	0.246213	0.241508	0.557117
2021-07-29 06:19:34.000000 	227.000000	55.349276	-160.476757	89.578684	-0.050945	-0.013806	0.040306	0.297725	0.244184	0.444020	-0.141841	-0.020378	-0.004013	0.063080	0.220849	0.216630	0.499717
2021-07-29 06:19:35.000000 	228.000000	55.349276	-160.476757	89.578684	-0.026097	0.001052	0.016548	0.336835	0.276272	0.502355	-0.182643	-0.010536	-0.009713	0.027398	0.249867	0.245093	0.565367
2021-07-29 06:19:36.000000 	229.000000	55.349276	-160.476757	89.578684	-0.052683	-0.005393	0.027075	0.307146	0.251931	0.458084	-0.152791	-0.026935	-0.012524	0.051529	0.227849	0.223497	0.515541
2021-07-29 06:19:37.000000 	230.000000	55.349276	-160.476757	89.578684	-0.042967	-0.014250	0.026137	0.297423	0.243965	0.443588	-0.149567	-0.022371	-0.000928	0.047234	0.220642	0.216428	0.499225
2021-07-29 06:19:38.000000 	231.000000	55.349276	-160.476757	89.578684	-0.040191	-0.008873	0.026619	0.307323	0.252096	0.458361	-0.156549	-0.018466	-0.005069	0.045121	0.227992	0.223639	0.515849
2021-07-29 06:19:39.000000 	232.000000	55.349276	-160.476757	89.578684	-0.048929	-0.021775	0.045646	0.344570	0.282661	0.513919	-0.166911	-0.017970	0.004171	0.067908	0.255631	0.250750	0.578373
2021-07-29 06:19:40.000000 	233.000000	55.349276	-160.476757	89.578684	-0.040194	-0.001817	0.041513	0.301295	0.247172	0.449383	-0.147734	-0.008061	-0.011720	0.056034	0.223532	0.219265	0.505741
2021-07-29 06:19:41.000000 	234.000000	55.349276	-160.476757	89.578684	-0.025739	-0.009909	0.012534	0.310370	0.254626	0.462924	-0.167847	-0.015554	0.000738	0.025987	0.230271	0.225875	0.520979
2021-07-29 06:19:42.000000 	235.000000	55.349276	-160.476757	89.578684	-0.048958	-0.012166	0.036587	0.299332	0.245581	0.446467	-0.145046	-0.020501	-0.004894	0.058645	0.222087	0.217849	0.502456
2021-07-29 06:19:43.000000 	236.000000	55.349276	-160.476757	89.578684	-0.021094	-0.005421	0.024843	0.345783	0.283701	0.515757	-0.185309	-0.003720	-0.001940	0.032771	0.256557	0.251662	0.580433
2021-07-29 06:19:44.000000 	237.000000	55.349276	-160.476757	89.578684	-0.040439	-0.012387	0.028356	0.243167	0.199517	0.362705	-0.117913	-0.018637	-0.001840	0.047351	0.180426	0.176983	0.408186
2021-07-29 06:19:45.000000 	238.000000	55.349276	-160.476757	89.578684	-0.034623	-0.005624	0.023205	0.347873	0.285439	0.518889	-0.183509	-0.015197	-0.006270	0.038712	0.258122	0.253197	0.583953
2021-07-29 06:19:46.000000 	239.000000	55.349276	-160.476757	89.578684	-0.037646	-0.009471	0.034303	0.346589	0.284397	0.516981	-0.177142	-0.012288	-0.003655	0.050192	0.257176	0.252270	0.581803
2021-07-29 06:19:47.000000 	240.000000	55.349276	-160.476757	89.578684	-0.043580	-0.006598	0.023400	0.289369	0.237454	0.431636	-0.146543	-0.022298	-0.008346	0.043857	0.214723	0.210628	0.485756
2021-07-29 06:19:48.000000 	241.000000	55.349276	-160.476757	89.578684	-0.044036	-0.014080	0.042346	0.291316	0.239061	0.434547	-0.139354	-0.013937	-0.001446	0.061109	0.216174	0.212051	0.489029
2021-07-29 06:19:49.000000 	242.000000	55.349276	-160.476757	89.578684	-0.050024	-0.013892	0.049838	0.302369	0.248141	0.451039	-0.141096	-0.014268	-0.003624	0.070445	0.224381	0.220103	0.507588
2021-07-29 06:19:50.000000 	243.000000	55.349276	-160.476757	89.578684	-0.033562	-0.015014	0.007475	0.357303	0.293235	0.532991	-0.194453	-0.025899	0.002935	0.026987	0.265153	0.260098	0.599811
2021-07-29 06:19:51.000000 	244.000000	55.349276	-160.476757	89.578684	-0.043313	-0.007598	0.039087	0.287683	0.236108	0.429145	-0.139388	-0.013448	-0.007313	0.056809	0.213495	0.209425	0.482945
2021-07-29 06:19:52.000000 	245.000000	55.349276	-160.476757	89.578684	-0.044516	-0.016865	0.014530	0.287298	0.235801	0.428575	-0.147368	-0.030890	0.001018	0.039012	0.213214	0.209150	0.482302
2021-07-29 06:19:53.000000 	246.000000	55.349276	-160.476757	89.578684	-0.028914	-0.005044	0.032619	0.303481	0.249094	0.452723	-0.155526	-0.005259	-0.004909	0.043287	0.225230	0.220938	0.509475
2021-07-29 06:19:54.000000 	247.000000	55.349276	-160.476757	89.578684	-0.044498	0.001071	0.022877	0.337762	0.277242	0.503868	-0.175502	-0.021199	-0.015881	0.042462	0.250678	0.245902	0.567029
2021-07-29 06:19:55.000000 	248.000000	55.349276	-160.476757	89.578684	-0.040708	-0.014319	0.027957	0.339628	0.278785	0.506660	-0.174266	-0.019604	-0.000109	0.047534	0.252071	0.247268	0.570168
2021-07-29 06:19:56.000000 	249.000000	55.349276	-160.476757	89.578684	-0.035300	-0.009074	0.033566	0.269851	0.221517	0.402570	-0.133362	-0.010779	-0.003245	0.048253	0.200287	0.196472	0.453030
2021-07-29 06:19:57.000000 	250.000000	55.349276	-160.476757	89.578684	-0.038816	-0.006185	0.035705	0.325665	0.267345	0.485843	-0.164403	-0.011495	-0.007143	0.051349	0.241720	0.237116	0.546738
2021-07-29 06:19:58.000000 	251.000000	55.349276	-160.476757	89.578684	-0.034989	-0.009990	0.027478	0.301382	0.247420	0.449622	-0.154212	-0.014251	-0.002277	0.043252	0.223702	0.219442	0.505975
2021-07-29 06:19:59.000000 	252.000000	55.349276	-160.476757	89.578684	-0.050039	-0.011174	0.039220	0.328035	0.269312	0.489390	-0.160673	-0.019569	-0.006191	0.061202	0.243492	0.238855	0.550725
2021-07-29 06:20:00.000000 	253.000000	55.349276	-160.476757	89.578684	-0.042421	-0.014406	0.023774	0.345014	0.283263	0.514728	-0.178565	-0.023334	-0.000599	0.045028	0.256102	0.251225	0.579237
2021-07-29 06:20:01.000000 	254.000000	55.349276	-160.476757	89.578684	-0.043054	-0.009180	0.031136	0.290819	0.238777	0.433880	-0.144344	-0.018202	-0.005736	0.050430	0.215879	0.211769	0.488254
2021-07-29 06:20:02.000000 	255.000000	55.349276	-160.476757	89.578684	-0.041580	-0.022205	0.040773	0.312383	0.256493	0.466059	-0.152168	-0.015160	0.007033	0.060043	0.231893	0.227478	0.524464
2021-07-29 06:20:03.000000 	256.000000	55.349276	-160.476757	89.578684	-0.037388	-0.004294	0.048280	0.291624	0.239458	0.435093	-0.139993	-0.002718	-0.008448	0.060569	0.216488	0.212368	0.489616
2021-07-29 06:20:04.000000 	257.000000	55.349276	-160.476757	89.578684	-0.043285	-0.013263	0.011926	0.371085	0.304716	0.553653	-0.198253	-0.030425	-0.001965	0.035527	0.275484	0.270241	0.623030
2021-07-29 06:20:05.000000 	258.000000	55.349276	-160.476757	89.578684	-0.029112	-0.013614	0.034492	0.250664	0.205841	0.373992	-0.123062	-0.006703	0.003102	0.046561	0.186092	0.182550	0.420854
2021-07-29 06:20:06.000000 	259.000000	55.349276	-160.476757	89.578684	-0.052209	-0.009358	0.032766	0.319506	0.262383	0.476710	-0.157756	-0.024422	-0.008627	0.056711	0.237206	0.232692	0.536441
2021-07-29 06:20:07.000000 	260.000000	55.349276	-160.476757	89.578684	-0.024989	-0.003392	0.016922	0.304969	0.250456	0.455027	-0.163960	-0.010687	-0.005154	0.027956	0.226420	0.222112	0.512040
2021-07-29 06:20:08.000000 	261.000000	55.349276	-160.476757	89.578684	-0.049384	-0.001252	0.026653	0.279243	0.229338	0.416648	-0.138086	-0.023479	-0.015324	0.048627	0.207325	0.203382	0.468850
2021-07-29 06:20:09.000000 	262.000000	55.349276	-160.476757	89.578684	-0.050945	-0.016829	0.043958	0.357291	0.293448	0.533107	-0.175137	-0.019133	-0.001164	0.066660	0.265279	0.260234	0.599898
2021-07-29 06:20:10.000000 	263.000000	55.349276	-160.476757	89.578684	-0.043626	0.001486	0.025735	0.314018	0.257919	0.468547	-0.160855	-0.018785	-0.015980	0.044266	0.233157	0.228723	0.527247
2021-07-29 06:20:11.000000 	264.000000	55.349276	-160.476757	89.578684	-0.046414	-0.027179	0.054696	0.335881	0.275886	0.501174	-0.158426	-0.012360	0.010105	0.075031	0.249396	0.244654	0.563960
2021-07-29 06:20:12.000000 	265.000000	55.349276	-160.476757	89.578684	-0.026864	-0.002913	0.027691	0.302352	0.248356	0.451151	-0.157693	-0.005885	-0.006232	0.037729	0.224507	0.220238	0.507668
2021-07-29 06:20:13.000000 	266.000000	55.349276	-160.476757	89.578684	-0.045284	-0.012921	0.020840	0.291623	0.239553	0.435147	-0.147802	-0.026813	-0.002955	0.043866	0.216546	0.212429	0.489657
2021-07-29 06:20:14.000000 	267.000000	55.349276	-160.476757	89.578684	-0.028229	-0.012514	0.030881	0.311588	0.255964	0.464945	-0.160483	-0.007770	0.002361	0.042909	0.231378	0.226980	0.523186
2021-07-29 06:20:15.000000 	268.000000	55.349276	-160.476757	89.578684	-0.049342	-0.011056	0.034506	0.330562	0.271562	0.493264	-0.164305	-0.021677	-0.006069	0.056928	0.245474	0.240809	0.555050
2021-07-29 06:20:16.000000 	269.000000	55.349276	-160.476757	89.578684	-0.035504	-0.017842	0.028550	0.290793	0.238900	0.433926	-0.146674	-0.016200	0.004951	0.045903	0.215947	0.211844	0.488277
2021-07-29 06:20:17.000000 	270.000000	55.349276	-160.476757	89.578684	-0.052574	-0.006654	0.040320	0.332243	0.272965	0.495785	-0.162453	-0.019667	-0.011298	0.062606	0.246736	0.242048	0.557882
2021-07-29 06:20:18.000000 	271.000000	55.349276	-160.476757	89.578684	-0.037296	-0.005954	0.031015	0.318478	0.261666	0.475249	-0.162626	-0.012920	-0.006852	0.046632	0.236520	0.232026	0.534772
2021-07-29 06:20:19.000000 	272.000000	55.349276	-160.476757	89.578684	-0.031485	-0.017772	0.025489	0.313134	0.257286	0.467281	-0.162078	-0.014805	0.006228	0.041217	0.232558	0.228140	0.525804
2021-07-29 06:20:20.000000 	273.000000	55.349276	-160.476757	89.578684	-0.048204	-0.004908	0.039150	0.328271	0.269734	0.489876	-0.162061	-0.016465	-0.011483	0.058970	0.243806	0.239175	0.551226
2021-07-29 06:20:21.000000 	274.000000	55.349276	-160.476757	89.578684	-0.052424	-0.015345	0.036993	0.323536	0.265854	0.482816	-0.157883	-0.023832	-0.003057	0.061440	0.240296	0.235732	0.543280
2021-07-29 06:20:22.000000 	275.000000	55.349276	-160.476757	89.578684	-0.028410	-0.008679	0.035778	0.244546	0.200955	0.364943	-0.119736	-0.004071	-0.001315	0.046305	0.181634	0.178185	0.410644
2021-07-29 06:20:23.000000 	276.000000	55.349276	-160.476757	89.578684	-0.048431	-0.005029	0.019099	0.336185	0.276270	0.501705	-0.174456	-0.028073	-0.011445	0.042621	0.249705	0.244963	0.564530
2021-07-29 06:20:24.000000 	277.000000	55.349276	-160.476757	89.578684	-0.036309	-0.014616	0.044420	0.303159	0.249141	0.452425	-0.147723	-0.006914	0.001642	0.058776	0.225181	0.220906	0.509077
2021-07-29 06:20:25.000000 	278.000000	55.349276	-160.476757	89.578684	-0.039478	0.000495	0.025094	0.313919	0.257994	0.468488	-0.162272	-0.016205	-0.013659	0.041705	0.233179	0.228753	0.527149
2021-07-29 06:20:26.000000 	279.000000	55.349276	-160.476757	89.578684	-0.052237	-0.020848	0.043707	0.332249	0.273069	0.495850	-0.159842	-0.021382	0.002192	0.067909	0.246802	0.242118	0.557935
2021-07-29 06:20:27.000000 	280.000000	55.349276	-160.476757	89.578684	-0.039994	-0.012061	0.035430	0.265490	0.218210	0.396223	-0.128535	-0.014181	-0.001998	0.052870	0.197217	0.193474	0.445832
2021-07-29 06:20:28.000000 	281.000000	55.349276	-160.476757	89.578684	-0.027288	0.001299	0.015363	0.320730	0.263623	0.478671	-0.173658	-0.012065	-0.010344	0.027015	0.238259	0.233737	0.538600
2021-07-29 06:20:29.000000 	282.000000	55.349276	-160.476757	89.578684	-0.049707	-0.015492	0.042713	0.343332	0.282212	0.512409	-0.168063	-0.018513	-0.002010	0.064718	0.255056	0.250216	0.576560
2021-07-29 06:20:30.000000 	283.000000	55.349276	-160.476757	89.578684	-0.025610	-0.012249	0.020598	0.310101	0.254908	0.462819	-0.164522	-0.011512	0.002986	0.032996	0.230376	0.226005	0.520760
2021-07-29 06:20:31.000000 	284.000000	55.349276	-160.476757	89.578684	-0.054710	-0.010458	0.048185	0.307335	0.252644	0.458696	-0.143791	-0.017897	-0.008426	0.070944	0.228327	0.223996	0.516119
2021-07-29 06:20:32.000000 	285.000000	55.349276	-160.476757	89.578684	-0.039136	-0.011828	0.032446	0.293261	0.241084	0.437696	-0.146275	-0.015147	-0.001931	0.049911	0.217877	0.213745	0.492488
2021-07-29 06:20:33.000000 	286.000000	55.349276	-160.476757	89.578684	-0.047801	-0.014801	0.036962	0.330632	0.271818	0.493480	-0.163548	-0.020115	-0.002025	0.058834	0.245649	0.240990	0.555252
2021-07-29 06:20:34.000000 	287.000000	55.349276	-160.476757	89.578684	-0.041987	-0.004827	0.037018	0.287150	0.236081	0.428587	-0.140724	-0.012834	-0.009482	0.053870	0.213350	0.209304	0.482234
2021-07-29 06:20:35.000000 	288.000000	55.349276	-160.476757	89.578684	-0.030353	-0.004820	0.020303	0.353608	0.290731	0.527785	-0.189522	-0.013315	-0.005601	0.033883	0.262735	0.257753	0.593847
2021-07-29 06:20:36.000000 	289.000000	55.349276	-160.476757	89.578684	-0.045979	-0.014044	0.020641	0.277581	0.228232	0.414315	-0.139398	-0.027774	-0.002129	0.044288	0.206252	0.202341	0.466172
2021-07-29 06:20:37.000000 	290.000000	55.349276	-160.476757	89.578684	-0.049529	-0.006274	0.051546	0.314456	0.258561	0.469359	-0.148563	-0.010819	-0.010639	0.070137	0.233657	0.229228	0.528103
2021-07-29 06:20:38.000000 	291.000000	55.349276	-160.476757	89.578684	-0.041241	-0.012939	0.030358	0.319937	0.263079	0.477546	-0.162014	-0.018272	-0.001587	0.049533	0.237737	0.233230	0.537313
2021-07-29 06:20:39.000000 	292.000000	55.349276	-160.476757	89.578684	-0.037187	-0.008739	0.020475	0.333504	0.274246	0.497802	-0.175421	-0.019594	-0.004191	0.038432	0.247825	0.243128	0.560101
2021-07-29 06:20:40.000000 	293.000000	55.349276	-160.476757	89.578684	-0.051650	-0.017336	0.063402	0.280762	0.230885	0.419082	-0.122292	-0.008763	-0.000922	0.083129	0.208638	0.204685	0.471528
2021-07-29 06:20:41.000000 	294.000000	55.349276	-160.476757	89.578684	-0.029875	-0.004821	0.016398	0.311463	0.256142	0.464914	-0.166614	-0.015165	-0.005440	0.030415	0.231460	0.227074	0.523094
2021-07-29 06:20:42.000000 	295.000000	55.349276	-160.476757	89.578684	-0.044422	-0.009810	0.027465	0.311264	0.255989	0.464623	-0.157472	-0.021523	-0.005599	0.048263	0.231318	0.226936	0.522764
2021-07-29 06:20:43.000000 	296.000000	55.349276	-160.476757	89.578684	-0.038686	-0.010971	0.033153	0.336076	0.276406	0.501665	-0.171306	-0.014161	-0.002588	0.050088	0.249765	0.245033	0.564439
2021-07-29 06:20:44.000000 	297.000000	55.349276	-160.476757	89.578684	-0.041144	-0.010953	0.034844	0.297049	0.244319	0.443415	-0.147105	-0.015100	-0.003426	0.052794	0.220767	0.216585	0.498898
2021-07-29 06:20:45.000000 	298.000000	55.349276	-160.476757	89.578684	-0.055941	-0.008293	0.053772	0.274550	0.225823	0.409834	-0.122135	-0.015080	-0.010879	0.075789	0.204052	0.200187	0.461114
2021-07-29 06:20:46.000000 	299.000000	55.349276	-160.476757	89.578684	-0.038864	-0.004363	0.030036	0.347367	0.285728	0.518538	-0.179745	-0.014255	-0.008876	0.046364	0.258178	0.253289	0.583417
2021-07-29 06:20:47.000000 	300.000000	55.349276	-160.476757	89.578684	-0.035083	-0.012260	0.014222	0.277818	0.228530	0.414723	-0.145537	-0.022486	-0.000169	0.032829	0.206492	0.202582	0.466610
2021-07-29 06:20:48.000000 	301.000000	55.349276	-160.476757	89.578684	-0.043234	-0.009760	0.055387	0.318553	0.262049	0.475537	-0.150937	-0.004712	-0.005250	0.070587	0.236776	0.232293	0.535031
2021-07-29 06:20:49.000000 	302.000000	55.349276	-160.476757	89.578684	-0.029995	-0.004172	0.016935	0.350802	0.288589	0.523684	-0.189446	-0.014774	-0.006092	0.030798	0.260754	0.255817	0.589199
2021-07-29 06:20:50.000000 	303.000000	55.349276	-160.476757	89.578684	-0.045483	-0.008749	0.058315	0.240728	0.198044	0.359368	-0.103478	-0.004513	-0.006953	0.074008	0.178940	0.175553	0.404325
2021-07-29 06:20:51.000000 	304.000000	55.349276	-160.476757	89.578684	-0.044272	-0.010773	0.025162	0.318603	0.262122	0.475629	-0.162660	-0.022981	-0.004642	0.046470	0.236834	0.232352	0.535127
2021-07-29 06:20:52.000000 	305.000000	55.349276	-160.476757	89.578684	-0.038903	-0.006908	0.032382	0.301799	0.248307	0.450547	-0.151941	-0.013651	-0.006490	0.048799	0.224349	0.220103	0.506906
2021-07-29 06:20:53.000000 	306.000000	55.349276	-160.476757	89.578684	-0.049466	-0.021030	0.033319	0.301336	0.247937	0.449862	-0.146705	-0.025190	0.003289	0.057913	0.224012	0.219773	0.506133
2021-07-29 06:20:54.000000 	307.000000	55.349276	-160.476757	89.578684	-0.038986	-0.007457	0.031271	0.283848	0.233557	0.423759	-0.141805	-0.014498	-0.006000	0.048033	0.211017	0.207025	0.476763
2021-07-29 06:20:55.000000 	308.000000	55.349276	-160.476757	89.578684	-0.045160	-0.013063	0.042085	0.343702	0.282818	0.513122	-0.170230	-0.014677	-0.002780	0.061303	0.255521	0.250687	0.577301
2021-07-29 06:20:56.000000 	309.000000	55.349276	-160.476757	89.578684	-0.028209	-0.002866	0.030117	0.307300	0.252875	0.458781	-0.159449	-0.005536	-0.006726	0.040437	0.228465	0.224143	0.516161
2021-07-29 06:20:57.000000 	310.000000	55.349276	-160.476757	89.578684	-0.038694	-0.014510	0.017369	0.291326	0.239740	0.434938	-0.150970	-0.024114	0.000745	0.037781	0.216595	0.212499	0.489334
2021-07-29 06:20:58.000000 	311.000000	55.349276	-160.476757	89.578684	-0.052342	0.000393	0.047068	0.314432	0.258766	0.469441	-0.150154	-0.013713	-0.017862	0.066694	0.233782	0.229360	0.528150
2021-07-29 06:20:59.000000 	312.000000	55.349276	-160.476757	89.578684	-0.034255	-0.006400	0.025290	0.292202	0.240481	0.436257	-0.150550	-0.013940	-0.005415	0.040378	0.217260	0.213152	0.490814
2021-07-29 06:21:00.000000 	313.000000	55.349276	-160.476757	89.578684	-0.057297	-0.022562	0.059017	0.315405	0.259587	0.470903	-0.142343	-0.017072	0.002116	0.083541	0.234518	0.230084	0.529791
2021-07-29 06:21:01.000000 	314.000000	55.349276	-160.476757	89.578684	-0.040958	0.001887	0.033328	0.298050	0.245314	0.444998	-0.149561	-0.012288	-0.015466	0.049007	0.221621	0.217431	0.500644
2021-07-29 06:21:02.000000 	315.000000	55.349276	-160.476757	89.578684	-0.050238	-0.013750	0.034315	0.327272	0.269377	0.488633	-0.162152	-0.023221	-0.003830	0.057763	0.243357	0.238756	0.549732
2021-07-29 06:21:03.000000 	316.000000	55.349276	-160.476757	89.578684	-0.028234	-0.015044	0.019840	0.313316	0.257900	0.467801	-0.165830	-0.014746	0.004744	0.034309	0.232986	0.228582	0.526294
2021-07-29 06:21:04.000000 	317.000000	55.349276	-160.476757	89.578684	-0.042384	-0.010969	0.040686	0.320374	0.263721	0.478345	-0.158178	-0.012744	-0.003826	0.058267	0.238242	0.233739	0.538154
2021-07-29 06:21:05.000000 	318.000000	55.349276	-160.476757	89.578684	-0.035734	-0.012170	0.032711	0.276751	0.227821	0.413216	-0.137593	-0.012453	-0.000472	0.048371	0.205808	0.201918	0.464880
2021-07-29 06:21:06.000000 	319.000000	55.349276	-160.476757	89.578684	-0.045042	0.007563	0.044024	0.337407	0.277765	0.503788	-0.167578	-0.007813	-0.022181	0.058916	0.250923	0.246181	0.566773
2021-07-29 06:21:07.000000 	320.000000	55.349276	-160.476757	89.578684	-0.037830	-0.018622	0.025618	0.308613	0.254071	0.460800	-0.157737	-0.019885	0.004909	0.044885	0.229516	0.225179	0.518408
2021-07-29 06:21:08.000000 	321.000000	55.349276	-160.476757	89.578684	-0.047581	-0.004091	0.039323	0.289244	0.238135	0.431885	-0.139585	-0.015658	-0.012045	0.058623	0.215118	0.211054	0.485876
2021-07-29 06:21:09.000000 	322.000000	55.349276	-160.476757	89.578684	-0.024567	-0.018374	0.018661	0.289936	0.238715	0.432923	-0.153257	-0.013489	0.009108	0.032008	0.215639	0.211565	0.487042
2021-07-29 06:21:10.000000 	323.000000	55.349276	-160.476757	89.578684	-0.057121	-0.003408	0.064179	0.348077	0.286597	0.519743	-0.161345	-0.008734	-0.015877	0.084053	0.258889	0.253999	0.584713
2021-07-29 06:21:11.000000 	324.000000	55.349276	-160.476757	89.578684	-0.045105	-0.012017	0.033888	0.277319	0.228346	0.414093	-0.134761	-0.019007	-0.003747	0.054332	0.206267	0.202372	0.465854
2021-07-29 06:21:12.000000 	325.000000	55.349276	-160.476757	89.578684	-0.036953	-0.017382	0.030136	0.297964	0.245355	0.444924	-0.150149	-0.016295	0.004033	0.047896	0.221629	0.217444	0.500537
2021-07-29 06:21:13.000000 	326.000000	55.349276	-160.476757	89.578684	-0.032068	-0.001492	0.011209	0.304212	0.250510	0.454259	-0.164231	-0.018900	-0.009311	0.026689	0.226283	0.222011	0.511037
2021-07-29 06:21:14.000000 	327.000000	55.349276	-160.476757	89.578684	-0.056262	-0.009867	0.052495	0.315767	0.260036	0.471518	-0.146825	-0.016487	-0.009502	0.075208	0.234885	0.230451	0.530451
2021-07-29 06:21:15.000000 	328.000000	55.349276	-160.476757	89.578684	-0.038777	-0.008072	0.037516	0.316866	0.260953	0.473166	-0.158755	-0.010954	-0.005351	0.053176	0.235711	0.231261	0.532302
2021-07-29 06:21:16.000000 	329.000000	55.349276	-160.476757	89.578684	-0.049458	-0.005860	0.032607	0.286384	0.235859	0.427652	-0.139862	-0.021418	-0.011006	0.054440	0.213042	0.209020	0.481098
2021-07-29 06:21:17.000000 	330.000000	55.349276	-160.476757	89.578684	-0.032003	-0.013254	0.040670	0.348021	0.286634	0.519699	-0.177051	-0.005333	0.001797	0.053125	0.258901	0.254015	0.584646
2021-07-29 06:21:18.000000 	331.000000	55.349276	-160.476757	89.578684	-0.048384	-0.012494	0.034185	0.302361	0.249039	0.451521	-0.148349	-0.021512	-0.004393	0.056424	0.224941	0.220696	0.507946
2021-07-29 06:21:19.000000 	332.000000	55.349276	-160.476757	89.578684	-0.034544	-0.007762	0.039172	0.284632	0.234446	0.425050	-0.140450	-0.006645	-0.004229	0.052211	0.211758	0.207762	0.478165
2021-07-29 06:21:20.000000 	333.000000	55.349276	-160.476757	89.578684	-0.045483	0.002353	0.049109	0.303539	0.250029	0.453289	-0.145214	-0.006696	-0.017418	0.064325	0.225831	0.221569	0.509930
2021-07-29 06:21:21.000000 	334.000000	55.349276	-160.476757	89.578684	-0.045202	-0.016292	0.032638	0.411707	0.339143	0.614829	-0.213582	-0.020969	0.000250	0.054168	0.306316	0.300537	0.691653
