2021-07-29 06:12:43.000000 	-184.000000	56.307328	-158.503773	487.240036	-0.034198	-0.018207	0.017735	0.288711	0.232406	0.426029	-0.148505	-0.022187	0.004409	0.036109	0.211853	0.206435	0.481010
2021-07-29 06:12:44.000000 	-183.000000	56.307328	-158.503773	487.240036	-0.026065	-0.007900	0.008558	0.283891	0.228533	0.418928	-0.152751	-0.017840	-0.002201	0.022180	0.208318	0.202991	0.472992
2021-07-29 06:12:45.000000 	-182.000000	56.307328	-158.503773	487.240036	-0.039467	-0.014482	0.017095	0.345306	0.277980	0.509568	-0.180458	-0.025485	-0.000988	0.037539	0.253385	0.246906	0.575328
2021-07-29 06:12:46.000000 	-181.000000	56.307328	-158.503773	487.240036	-0.022193	-0.015996	0.002701	0.355643	0.286311	0.524836	-0.196685	-0.020559	0.006751	0.016954	0.260973	0.254300	0.592565
2021-07-29 06:12:47.000000 	-180.000000	56.307328	-158.503773	487.240036	-0.031553	-0.011753	0.023037	0.305088	0.245618	0.450241	-0.157424	-0.015231	-0.000627	0.037843	0.223876	0.218153	0.508343
2021-07-29 06:12:48.000000 	-179.000000	56.307328	-158.503773	487.240036	-0.032346	-0.016412	-0.005071	0.351551	0.283033	0.518821	-0.194332	-0.032857	0.003418	0.015813	0.257973	0.251378	0.585773
2021-07-29 06:12:49.000000 	-178.000000	56.307328	-158.503773	487.240036	-0.036449	-0.014446	0.031026	0.292852	0.235781	0.432204	-0.145509	-0.015411	0.000084	0.047564	0.214900	0.209407	0.487977
2021-07-29 06:12:50.000000 	-177.000000	56.307328	-158.503773	487.240036	-0.039009	-0.007324	0.015550	0.315708	0.254191	0.465947	-0.164773	-0.023805	-0.007480	0.034562	0.231674	0.225753	0.526074
2021-07-29 06:12:51.000000 	-176.000000	56.307328	-158.503773	487.240036	-0.033210	-0.014070	-0.000333	0.341959	0.275335	0.504702	-0.187021	-0.030183	0.000922	0.019725	0.250939	0.244526	0.569829
2021-07-29 06:12:52.000000 	-175.000000	56.307328	-158.503773	487.240036	-0.042703	-0.016173	0.020418	0.283986	0.228664	0.419150	-0.142444	-0.026663	-0.000600	0.042317	0.208399	0.203073	0.473237
2021-07-29 06:12:53.000000 	-174.000000	56.307328	-158.503773	487.240036	-0.022931	-0.021509	0.004208	0.355858	0.286543	0.525241	-0.195356	-0.021976	0.011610	0.019710	0.261142	0.254470	0.593018
2021-07-29 06:12:54.000000 	-173.000000	56.307328	-158.503773	487.240036	-0.032480	-0.000670	0.011967	0.328010	0.264128	0.484151	-0.175833	-0.018710	-0.011279	0.026858	0.240709	0.234559	0.546624
2021-07-29 06:12:55.000000 	-172.000000	56.307328	-158.503773	487.240036	-0.033425	-0.024177	0.030780	0.259102	0.208646	0.382451	-0.125720	-0.016172	0.010247	0.047777	0.190142	0.185285	0.431800
2021-07-29 06:12:56.000000 	-171.000000	56.307328	-158.503773	487.240036	-0.038220	-0.007132	0.006060	0.285515	0.229923	0.421448	-0.151108	-0.028401	-0.007370	0.026219	0.209527	0.204175	0.475829
2021-07-29 06:12:57.000000 	-170.000000	56.307328	-158.503773	487.240036	-0.028953	-0.017521	0.001440	0.330694	0.266313	0.488148	-0.180657	-0.026958	0.005693	0.019704	0.242683	0.236485	0.551135
2021-07-29 06:12:58.000000 	-169.000000	56.307328	-158.503773	487.240036	-0.030848	-0.015487	0.025666	0.333455	0.268544	0.492235	-0.172603	-0.014365	0.003105	0.040425	0.244711	0.238461	0.555748
2021-07-29 06:12:59.000000 	-168.000000	56.307328	-158.503773	487.240036	-0.025170	-0.004593	0.004659	0.317180	0.255445	0.468221	-0.174118	-0.018302	-0.004950	0.017801	0.232769	0.226825	0.528636
2021-07-29 06:13:00.000000 	-167.000000	56.307328	-158.503773	487.240036	-0.034409	-0.017277	0.011275	0.378805	0.305085	0.559206	-0.203255	-0.025651	0.003467	0.030653	0.277996	0.270898	0.631359
2021-07-29 06:13:01.000000 	-166.000000	56.307328	-158.503773	487.240036	-0.042482	-0.015444	0.016222	0.271550	0.218710	0.400882	-0.136958	-0.028598	-0.001198	0.038564	0.199286	0.194198	0.452607
2021-07-29 06:13:02.000000 	-165.000000	56.307328	-158.503773	487.240036	-0.026592	-0.011568	0.005216	0.342581	0.275927	0.505755	-0.187467	-0.021220	0.001019	0.020417	0.251415	0.244997	0.571010
2021-07-29 06:13:03.000000 	-164.000000	56.307328	-158.503773	487.240036	-0.026920	-0.015139	0.017512	0.341934	0.275414	0.504812	-0.181836	-0.015742	0.004222	0.031543	0.250943	0.244537	0.569945
2021-07-29 06:13:04.000000 	-163.000000	56.307328	-158.503773	487.240036	-0.033546	-0.009264	0.014226	0.307211	0.247453	0.453559	-0.161785	-0.020902	-0.003673	0.031035	0.225461	0.219706	0.512078
2021-07-29 06:13:05.000000 	-162.000000	56.307328	-158.503773	487.240036	-0.041976	-0.021514	0.034840	0.334038	0.269070	0.493178	-0.165520	-0.019728	0.004636	0.055027	0.245151	0.238895	0.556808
2021-07-29 06:13:06.000000 	-161.000000	56.307328	-158.503773	487.240036	-0.033600	-0.017660	0.006917	0.275877	0.222228	0.407318	-0.145425	-0.027559	0.004119	0.026688	0.202468	0.197301	0.459870
2021-07-29 06:13:07.000000 	-160.000000	56.307328	-158.503773	487.240036	-0.034002	-0.008269	0.016597	0.339840	0.273761	0.501769	-0.179739	-0.019637	-0.004766	0.033040	0.249413	0.243049	0.566506
2021-07-29 06:13:08.000000 	-159.000000	56.307328	-158.503773	487.240036	-0.018494	-0.008160	-0.002806	0.335060	0.269918	0.494723	-0.188824	-0.018362	0.000816	0.008870	0.245907	0.239633	0.558550
2021-07-29 06:13:09.000000 	-158.000000	56.307328	-158.503773	487.240036	-0.050988	-0.022725	0.048324	0.340040	0.273938	0.502087	-0.160936	-0.019594	0.002460	0.071144	0.249564	0.243197	0.566863
2021-07-29 06:13:10.000000 	-157.000000	56.307328	-158.503773	487.240036	-0.029628	-0.002473	0.001890	0.299753	0.241490	0.442612	-0.164009	-0.022642	-0.008555	0.017368	0.219998	0.214386	0.499714
2021-07-29 06:13:11.000000 	-156.000000	56.307328	-158.503773	487.240036	-0.017427	-0.016031	-0.006226	0.291632	0.234955	0.430631	-0.164369	-0.021832	0.008530	0.007074	0.214039	0.208580	0.486187
2021-07-29 06:13:12.000000 	-155.000000	56.307328	-158.503773	487.240036	-0.043096	-0.013452	0.026064	0.364364	0.293561	0.538042	-0.187113	-0.023006	-0.003276	0.046664	0.267422	0.260602	0.607454
2021-07-29 06:13:13.000000 	-154.000000	56.307328	-158.503773	487.240036	-0.035275	-0.003418	0.012901	0.298590	0.240575	0.440927	-0.157368	-0.021194	-0.009746	0.029636	0.219149	0.213561	0.497809
2021-07-29 06:13:14.000000 	-153.000000	56.307328	-158.503773	487.240036	-0.037716	-0.026611	0.025555	0.321259	0.258848	0.474413	-0.162325	-0.023135	0.010939	0.046139	0.235789	0.229777	0.535615
2021-07-29 06:13:15.000000 	-152.000000	56.307328	-158.503773	487.240036	-0.027462	-0.004572	-0.004833	0.320070	0.257897	0.472669	-0.178759	-0.025335	-0.005809	0.011083	0.234918	0.228929	0.533645
2021-07-29 06:13:16.000000 	-151.000000	56.307328	-158.503773	487.240036	-0.028023	-0.014633	0.019343	0.330792	0.266545	0.488514	-0.174441	-0.015425	0.003347	0.033532	0.242790	0.236600	0.551534
2021-07-29 06:13:17.000000 	-150.000000	56.307328	-158.503773	487.240036	-0.029895	-0.021047	0.023051	0.288242	0.232266	0.425686	-0.147070	-0.016773	0.008628	0.038888	0.211561	0.206168	0.480599
2021-07-29 06:13:18.000000 	-149.000000	56.307328	-158.503773	487.240036	-0.048525	-0.012496	0.021603	0.342466	0.275969	0.505779	-0.174619	-0.029392	-0.006155	0.045560	0.251362	0.244955	0.571023
2021-07-29 06:13:19.000000 	-148.000000	56.307328	-158.503773	487.240036	-0.019234	-0.010143	0.006535	0.340356	0.274276	0.502674	-0.187870	-0.014357	0.002390	0.017427	0.249815	0.243448	0.567517
2021-07-29 06:13:20.000000 	-147.000000	56.307328	-158.503773	487.240036	-0.036406	-0.008236	0.001884	0.283365	0.228357	0.418513	-0.151884	-0.029650	-0.005678	0.022033	0.207987	0.202686	0.472500
2021-07-29 06:13:21.000000 	-146.000000	56.307328	-158.503773	487.240036	-0.038550	-0.021551	0.030334	0.313298	0.252487	0.462733	-0.156249	-0.019586	0.005926	0.049517	0.229959	0.224099	0.522423
2021-07-29 06:13:22.000000 	-145.000000	56.307328	-158.503773	487.240036	-0.023624	-0.014451	0.000688	0.350398	0.282395	0.517541	-0.194246	-0.022313	0.004789	0.015704	0.257192	0.250639	0.584300
2021-07-29 06:13:23.000000 	-144.000000	56.307328	-158.503773	487.240036	-0.035461	-0.010339	0.012316	0.285122	0.229794	0.421138	-0.149047	-0.023772	-0.003374	0.030652	0.209281	0.203949	0.475461
2021-07-29 06:13:24.000000 	-143.000000	56.307328	-158.503773	487.240036	-0.026022	-0.008486	0.012197	0.322187	0.259675	0.475895	-0.173485	-0.015966	-0.001639	0.025304	0.236489	0.230465	0.537281
2021-07-29 06:13:25.000000 	-142.000000	56.307328	-158.503773	487.240036	-0.046424	-0.018083	0.027368	0.349859	0.281986	0.516782	-0.176734	-0.026270	-0.000187	0.050408	0.256803	0.250262	0.583440
2021-07-29 06:13:26.000000 	-141.000000	56.307328	-158.503773	487.240036	-0.038433	-0.017392	0.032369	0.291164	0.234686	0.430093	-0.143134	-0.017100	0.002099	0.050305	0.213722	0.208278	0.485569
2021-07-29 06:13:27.000000 	-140.000000	56.307328	-158.503773	487.240036	-0.026151	-0.017198	-0.013184	0.298670	0.240743	0.441190	-0.168400	-0.032802	0.006419	0.006024	0.219233	0.213650	0.498097
2021-07-29 06:13:28.000000 	-139.000000	56.307328	-158.503773	487.240036	-0.037138	-0.008277	0.034178	0.259275	0.208995	0.383006	-0.125242	-0.012314	-0.005908	0.049288	0.190318	0.185471	0.432407
2021-07-29 06:13:29.000000 	-138.000000	56.307328	-158.503773	487.240036	-0.027401	-0.018931	0.001083	0.427301	0.344447	0.631231	-0.237030	-0.026383	0.007573	0.018893	0.313658	0.305671	0.712647
2021-07-29 06:13:30.000000 	-137.000000	56.307328	-158.503773	487.240036	-0.032191	-0.007623	0.017476	0.273167	0.220207	0.403546	-0.141385	-0.017551	-0.004703	0.032705	0.200519	0.195413	0.455595
2021-07-29 06:13:31.000000 	-136.000000	56.307328	-158.503773	487.240036	-0.037013	-0.009168	0.002969	0.334657	0.269784	0.494396	-0.180994	-0.029802	-0.005033	0.023438	0.245658	0.239403	0.558162
2021-07-29 06:13:32.000000 	-135.000000	56.307328	-158.503773	487.240036	-0.029189	-0.023140	0.016824	0.215017	0.173341	0.317656	-0.106895	-0.020319	0.010834	0.033768	0.157836	0.153818	0.358626
2021-07-29 06:13:33.000000 	-134.000000	56.307328	-158.503773	487.240036	-0.032110	-0.008891	0.009722	0.398306	0.321114	0.588452	-0.216744	-0.022176	-0.003494	0.026470	0.292384	0.284942	0.664347
2021-07-29 06:13:34.000000 	-133.000000	56.307328	-158.503773	487.240036	-0.034708	-0.016520	0.013440	0.340090	0.274188	0.502457	-0.180038	-0.024451	0.002653	0.032455	0.249652	0.243298	0.567259
2021-07-29 06:13:35.000000 	-132.000000	56.307328	-158.503773	487.240036	-0.024679	-0.012445	0.001635	0.297243	0.239652	0.439164	-0.163066	-0.021992	0.002536	0.016628	0.218201	0.212648	0.495803
2021-07-29 06:13:36.000000 	-131.000000	56.307328	-158.503773	487.240036	-0.049126	-0.013659	0.018868	0.302000	0.243495	0.446203	-0.151833	-0.031728	-0.005293	0.043831	0.221695	0.216054	0.503749
2021-07-29 06:13:37.000000 	-130.000000	56.307328	-158.503773	487.240036	-0.011191	-0.019372	0.014319	0.356985	0.287837	0.527455	-0.195446	-0.006626	0.013924	0.021627	0.262062	0.255393	0.595479
2021-07-29 06:13:38.000000 	-129.000000	56.307328	-158.503773	487.240036	-0.051770	-0.023210	0.035522	0.323775	0.261068	0.478397	-0.156251	-0.027448	0.002625	0.060995	0.237684	0.231637	0.540094
2021-07-29 06:13:39.000000 	-128.000000	56.307328	-158.503773	487.240036	-0.032430	0.000488	0.008731	0.310639	0.250483	0.458998	-0.167176	-0.020114	-0.012338	0.023904	0.228043	0.222241	0.518192
2021-07-29 06:13:40.000000 	-127.000000	56.307328	-158.503773	487.240036	-0.030652	-0.022033	0.007181	0.264183	0.213030	0.390364	-0.138872	-0.026463	0.009268	0.026275	0.193941	0.189007	0.440706
2021-07-29 06:13:41.000000 	-126.000000	56.307328	-158.503773	487.240036	-0.039837	-0.003282	0.032807	0.363277	0.292946	0.536801	-0.185783	-0.013641	-0.011544	0.048525	0.266690	0.259906	0.606027
2021-07-29 06:13:42.000000 	-125.000000	56.307328	-158.503773	487.240036	-0.024524	-0.027248	0.010413	0.289783	0.233688	0.428211	-0.153534	-0.021516	0.016366	0.026861	0.212738	0.207327	0.483432
2021-07-29 06:13:43.000000 	-124.000000	56.307328	-158.503773	487.240036	-0.025020	-0.001349	0.001199	0.338594	0.273059	0.500350	-0.188242	-0.019116	-0.007913	0.014186	0.248574	0.242252	0.564874
2021-07-29 06:13:44.000000 	-123.000000	56.307328	-158.503773	487.240036	-0.034195	-0.013245	0.021612	0.277031	0.223418	0.409386	-0.140857	-0.018521	-0.000207	0.038323	0.203380	0.198208	0.462178
2021-07-29 06:13:45.000000 	-122.000000	56.307328	-158.503773	487.240036	-0.033357	-0.014061	0.002796	0.368565	0.297248	0.544665	-0.201281	-0.028559	0.000859	0.022401	0.270582	0.263702	0.614901
2021-07-29 06:13:46.000000 	-121.000000	56.307328	-158.503773	487.240036	-0.027811	-0.008333	0.020581	0.260155	0.209821	0.384465	-0.133838	-0.012654	-0.002437	0.033173	0.190994	0.186138	0.434042
2021-07-29 06:13:47.000000 	-120.000000	56.307328	-158.503773	487.240036	-0.045813	-0.024116	0.027969	0.372066	0.300090	0.549864	-0.188898	-0.027303	0.005651	0.051820	0.273157	0.266213	0.620768
2021-07-29 06:13:48.000000 	-119.000000	56.307328	-158.503773	487.240036	-0.037105	-0.010773	0.004241	0.290644	0.234426	0.429542	-0.154780	-0.029657	-0.003574	0.024871	0.213382	0.207958	0.484930
2021-07-29 06:13:49.000000 	-118.000000	56.307328	-158.503773	487.240036	-0.033683	-0.015635	0.014068	0.331833	0.267657	0.490427	-0.175428	-0.023038	0.002204	0.032268	0.243624	0.237432	0.553665
2021-07-29 06:13:50.000000 	-117.000000	56.307328	-158.503773	487.240036	-0.019413	-0.009752	0.006406	0.318662	0.257041	0.470971	-0.175412	-0.014448	0.001960	0.017332	0.233957	0.228010	0.531700
2021-07-29 06:13:51.000000 	-116.000000	56.307328	-158.503773	487.240036	-0.027948	-0.018290	0.019375	0.330493	0.266593	0.488469	-0.173894	-0.016464	0.006777	0.034264	0.242645	0.236479	0.551453
2021-07-29 06:13:52.000000 	-115.000000	56.307328	-158.503773	487.240036	-0.048549	-0.014186	0.023376	0.323352	0.260841	0.477926	-0.162688	-0.028942	-0.004591	0.047391	0.237405	0.231372	0.539549
2021-07-29 06:13:53.000000 	-114.000000	56.307328	-158.503773	487.240036	-0.035939	-0.016622	0.019785	0.306703	0.247418	0.453327	-0.157897	-0.021915	0.002296	0.038391	0.225183	0.219461	0.511778
2021-07-29 06:13:54.000000 	-113.000000	56.307328	-158.503773	487.240036	-0.033701	-0.008240	0.011356	0.286797	0.231367	0.423914	-0.151162	-0.022302	-0.004682	0.028519	0.210570	0.205220	0.478572
2021-07-29 06:13:55.000000 	-112.000000	56.307328	-158.503773	487.240036	-0.038281	-0.015970	0.017710	0.359363	0.289917	0.531187	-0.188627	-0.024680	0.000831	0.037741	0.263852	0.257149	0.599675
2021-07-29 06:13:56.000000 	-111.000000	56.307328	-158.503773	487.240036	-0.031747	-0.010643	0.028376	0.350434	0.282722	0.517999	-0.181695	-0.012080	-0.001731	0.042159	0.257298	0.250762	0.584786
2021-07-29 06:13:57.000000 	-110.000000	56.307328	-158.503773	487.240036	-0.033438	-0.012474	-0.001969	0.266629	0.215118	0.394132	-0.144067	-0.030782	-0.000647	0.018157	0.195769	0.190796	0.444947
2021-07-29 06:13:58.000000 	-109.000000	56.307328	-158.503773	487.240036	-0.036721	-0.016349	0.027272	0.334350	0.269763	0.494247	-0.170823	-0.018283	0.001756	0.044967	0.245493	0.239258	0.557970
2021-07-29 06:13:59.000000 	-108.000000	56.307328	-158.503773	487.240036	-0.031356	-0.011872	0.016607	0.344882	0.278270	0.509828	-0.183094	-0.018682	-0.000444	0.032415	0.253230	0.246799	0.575559
2021-07-29 06:14:00.000000 	-107.000000	56.307328	-158.503773	487.240036	-0.031820	-0.016187	0.015341	0.310240	0.250326	0.458627	-0.162908	-0.021058	0.003401	0.032478	0.227795	0.222011	0.517756
2021-07-29 06:14:01.000000 	-106.000000	56.307328	-158.503773	487.240036	-0.028014	-0.011865	0.018957	0.297715	0.240228	0.440122	-0.155812	-0.014789	0.000774	0.032644	0.218601	0.213051	0.496864
2021-07-29 06:14:02.000000 	-105.000000	56.307328	-158.503773	487.240036	-0.043170	-0.018305	0.016261	0.313812	0.253224	0.463929	-0.161045	-0.029980	0.001212	0.039533	0.230423	0.224573	0.523739
2021-07-29 06:14:03.000000 	-104.000000	56.307328	-158.503773	487.240036	-0.023342	-0.012609	0.017025	0.361767	0.291930	0.534837	-0.194824	-0.012470	0.003178	0.028776	0.265638	0.258894	0.603788
2021-07-29 06:14:04.000000 	-103.000000	56.307328	-158.503773	487.240036	-0.033486	-0.012201	0.006335	0.311843	0.251652	0.461039	-0.167254	-0.026129	-0.000918	0.025035	0.228982	0.223169	0.520475
2021-07-29 06:14:05.000000 	-102.000000	56.307328	-158.503773	487.240036	-0.044714	-0.012991	0.026808	0.319672	0.257978	0.472624	-0.160533	-0.023705	-0.004297	0.048025	0.234733	0.228775	0.533553
2021-07-29 06:14:06.000000 	-101.000000	56.307328	-158.503773	487.240036	-0.029267	-0.013386	0.008529	0.337327	0.272234	0.498737	-0.182276	-0.022007	0.001731	0.024924	0.247700	0.241413	0.563031
2021-07-29 06:14:07.000000 	-100.000000	56.307328	-158.503773	487.240036	-0.031016	-0.007850	0.013284	0.325321	0.262553	0.480997	-0.173586	-0.019035	-0.004062	0.028657	0.238886	0.232823	0.543003
2021-07-29 06:14:08.000000 	-99.000000	56.307328	-158.503773	487.240036	-0.025243	-0.012250	0.021013	0.297568	0.240163	0.439974	-0.155651	-0.011620	0.002148	0.033003	0.218509	0.212964	0.496691
2021-07-29 06:14:09.000000 	-98.000000	56.307328	-158.503773	487.240036	-0.041909	-0.019631	0.019767	0.351719	0.283876	0.520051	-0.181954	-0.027464	0.002908	0.042069	0.258276	0.251722	0.587090
2021-07-29 06:14:10.000000 	-97.000000	56.307328	-158.503773	487.240036	-0.022105	-0.014100	0.005155	0.261996	0.211466	0.387395	-0.141883	-0.018552	0.005019	0.018564	0.192392	0.187510	0.437332
2021-07-29 06:14:11.000000 	-96.000000	56.307328	-158.503773	487.240036	-0.032197	-0.014033	0.005472	0.346480	0.279665	0.512327	-0.187844	-0.026168	0.001259	0.024024	0.254434	0.247979	0.578369
2021-07-29 06:14:12.000000 	-95.000000	56.307328	-158.503773	487.240036	-0.044906	-0.020244	0.026778	0.273754	0.220971	0.404799	-0.132986	-0.026081	0.002380	0.049574	0.201031	0.195931	0.456979
2021-07-29 06:14:13.000000 	-94.000000	56.307328	-158.503773	487.240036	-0.020734	-0.000470	0.012060	0.352219	0.284316	0.520837	-0.193207	-0.009504	-0.007160	0.020832	0.258654	0.252093	0.587973
2021-07-29 06:14:14.000000 	-93.000000	56.307328	-158.503773	487.240036	-0.028218	-0.018326	0.011382	0.317584	0.256366	0.469631	-0.169475	-0.021118	0.006711	0.027760	0.233222	0.227307	0.530166
2021-07-29 06:14:15.000000 	-92.000000	56.307328	-158.503773	487.240036	-0.050498	-0.019959	0.028202	0.299493	0.241770	0.442889	-0.145748	-0.029533	0.000066	0.053586	0.219939	0.214361	0.499976
2021-07-29 06:14:16.000000 	-91.000000	56.307328	-158.503773	487.240036	-0.023117	-0.003129	-0.004101	0.331580	0.267682	0.490350	-0.186624	-0.021125	-0.005559	0.009156	0.243506	0.237330	0.553553
2021-07-29 06:14:17.000000 	-90.000000	56.307328	-158.503773	487.240036	-0.033605	-0.028357	0.022500	0.327969	0.264775	0.485020	-0.168413	-0.022180	0.014071	0.041830	0.240856	0.234749	0.547536
2021-07-29 06:14:18.000000 	-89.000000	56.307328	-158.503773	487.240036	-0.036333	-0.006741	0.034279	0.330748	0.267027	0.489141	-0.167083	-0.011166	-0.007041	0.048645	0.242900	0.236741	0.552186
2021-07-29 06:14:19.000000 	-88.000000	56.307328	-158.503773	487.240036	-0.028223	-0.005530	0.008639	0.310895	0.251007	0.459790	-0.168077	-0.018742	-0.005197	0.022880	0.228322	0.222533	0.519052
2021-07-29 06:14:20.000000 	-87.000000	56.307328	-158.503773	487.240036	-0.028530	-0.018299	0.006981	0.306657	0.247593	0.453532	-0.164749	-0.023793	0.006572	0.024254	0.225212	0.219503	0.511987
2021-07-29 06:14:21.000000 	-86.000000	56.307328	-158.503773	487.240036	-0.039969	-0.014925	0.028690	0.321856	0.259873	0.476022	-0.162284	-0.019577	-0.000760	0.047535	0.236378	0.230386	0.537374
2021-07-29 06:14:22.000000 	-85.000000	56.307328	-158.503773	487.240036	-0.015805	-0.012801	-0.009701	0.301447	0.243402	0.445846	-0.172298	-0.021520	0.006119	0.002688	0.221391	0.215779	0.503308
2021-07-29 06:14:23.000000 	-84.000000	56.307328	-158.503773	487.240036	-0.043492	-0.004851	0.023826	0.286574	0.231401	0.423859	-0.143636	-0.021931	-0.011424	0.043258	0.210470	0.205136	0.478486
2021-07-29 06:14:24.000000 	-83.000000	56.307328	-158.503773	487.240036	-0.040353	-0.016818	0.027688	0.373756	0.301808	0.552818	-0.192455	-0.021007	0.000861	0.047284	0.274503	0.267546	0.624064
2021-07-29 06:14:25.000000 	-82.000000	56.307328	-158.503773	487.240036	-0.028438	-0.015269	0.014666	0.261618	0.211263	0.386965	-0.136091	-0.018535	0.003786	0.029985	0.192146	0.187277	0.436835
2021-07-29 06:14:26.000000 	-81.000000	56.307328	-158.503773	487.240036	-0.039500	-0.016120	0.008483	0.357615	0.288792	0.528966	-0.190815	-0.030788	0.000524	0.030723	0.262654	0.255998	0.597137
2021-07-29 06:14:27.000000 	-80.000000	56.307328	-158.503773	487.240036	-0.033372	-0.003430	0.024108	0.352518	0.284685	0.521439	-0.184889	-0.013507	-0.009037	0.037981	0.258914	0.252353	0.588638
2021-07-29 06:14:28.000000 	-79.000000	56.307328	-158.503773	487.240036	-0.030819	-0.023441	0.013282	0.302603	0.244383	0.447615	-0.158699	-0.023637	0.010517	0.031723	0.222255	0.216624	0.505300
2021-07-29 06:14:29.000000 	-78.000000	56.307328	-158.503773	487.240036	-0.028441	-0.008814	0.009734	0.293769	0.237256	0.434557	-0.157351	-0.019305	-0.002221	0.024570	0.215769	0.210303	0.490557
2021-07-29 06:14:30.000000 	-77.000000	56.307328	-158.503773	487.240036	-0.036653	-0.008708	0.012693	0.331991	0.268134	0.491108	-0.175993	-0.023989	-0.005328	0.031249	0.243846	0.237669	0.554396
2021-07-29 06:14:31.000000 	-76.000000	56.307328	-158.503773	487.240036	-0.028416	-0.020600	0.027352	0.342439	0.276581	0.506574	-0.177329	-0.013106	0.008755	0.041612	0.251522	0.245151	0.571853
2021-07-29 06:14:32.000000 	-75.000000	56.307328	-158.503773	487.240036	-0.033830	-0.009498	0.001752	0.319704	0.258227	0.472952	-0.173777	-0.028114	-0.003559	0.020850	0.234826	0.228878	0.533897
2021-07-29 06:14:33.000000 	-74.000000	56.307328	-158.503773	487.240036	-0.021280	-0.015044	0.017600	0.275780	0.222757	0.407982	-0.145179	-0.011297	0.006200	0.028686	0.202566	0.197436	0.460555
2021-07-29 06:14:34.000000 	-73.000000	56.307328	-158.503773	487.240036	-0.045011	-0.017765	0.022171	0.303643	0.245271	0.449212	-0.152434	-0.027963	0.000035	0.045291	0.223035	0.217387	0.507097
2021-07-29 06:14:35.000000 	-72.000000	56.307328	-158.503773	487.240036	-0.032154	-0.007425	0.023479	0.336501	0.271821	0.497833	-0.175841	-0.014131	-0.004874	0.037641	0.247173	0.240914	0.561982
2021-07-29 06:14:36.000000 	-71.000000	56.307328	-158.503773	487.240036	-0.021537	-0.013424	-0.003189	0.389726	0.314825	0.576588	-0.219298	-0.022534	0.004598	0.011192	0.286271	0.279023	0.650884
2021-07-29 06:14:37.000000 	-70.000000	56.307328	-158.503773	487.240036	-0.040258	-0.008916	0.018072	0.255480	0.206386	0.377983	-0.128391	-0.023859	-0.006456	0.037628	0.187664	0.182912	0.426687
2021-07-29 06:14:38.000000 	-69.000000	56.307328	-158.503773	487.240036	-0.037097	-0.004342	0.023836	0.289306	0.233720	0.428038	-0.147217	-0.016820	-0.009554	0.039863	0.212513	0.207133	0.483191
2021-07-29 06:14:39.000000 	-68.000000	56.307328	-158.503773	487.240036	-0.022926	-0.011235	0.007866	0.364539	0.294508	0.539360	-0.200338	-0.016810	0.002052	0.020662	0.267780	0.261001	0.608855
2021-07-29 06:14:40.000000 	-67.000000	56.307328	-158.503773	487.240036	-0.044263	-0.025817	0.016854	0.312266	0.252285	0.462028	-0.158722	-0.032788	0.007801	0.042118	0.229384	0.223578	0.521559
2021-07-29 06:14:41.000000 	-66.000000	56.307328	-158.503773	487.240036	-0.028214	-0.016395	0.024982	0.348308	0.281413	0.515368	-0.182230	-0.012982	0.004916	0.038681	0.255863	0.249388	0.581769
2021-07-29 06:14:42.000000 	-65.000000	56.307328	-158.503773	487.240036	-0.041040	-0.005908	0.013979	0.329573	0.266285	0.487657	-0.173086	-0.025818	-0.009542	0.034015	0.242104	0.235977	0.550487
2021-07-29 06:14:43.000000 	-64.000000	56.307328	-158.503773	487.240036	-0.030722	-0.017197	0.009974	0.282555	0.228303	0.418095	-0.149168	-0.023493	0.004743	0.027651	0.207567	0.202314	0.471962
2021-07-29 06:14:44.000000 	-63.000000	56.307328	-158.503773	487.240036	-0.033191	-0.007549	0.016029	0.320130	0.258673	0.473705	-0.168980	-0.019104	-0.005139	0.032003	0.235173	0.229222	0.534736
2021-07-29 06:14:45.000000 	-62.000000	56.307328	-158.503773	487.240036	-0.034026	-0.019577	0.025082	0.296641	0.239701	0.438957	-0.150281	-0.018396	0.005747	0.042411	0.217920	0.212406	0.495510
2021-07-29 06:14:46.000000 	-61.000000	56.307328	-158.503773	487.240036	-0.034934	-0.010650	-0.001253	0.319645	0.258297	0.473007	-0.174436	-0.030986	-0.002892	0.019154	0.234822	0.228881	0.533946
2021-07-29 06:14:47.000000 	-60.000000	56.307328	-158.503773	487.240036	-0.031139	-0.011471	0.024404	0.341298	0.275803	0.505059	-0.178148	-0.014066	-0.000737	0.038709	0.250732	0.244389	0.570126
2021-07-29 06:14:48.000000 	-59.000000	56.307328	-158.503773	487.240036	-0.030739	-0.014410	0.022830	0.241000	0.194759	0.356644	-0.120427	-0.015525	0.002143	0.037790	0.177051	0.172572	0.402590
2021-07-29 06:14:49.000000 	-58.000000	56.307328	-158.503773	487.240036	-0.033187	-0.010122	0.007908	0.378880	0.306194	0.560698	-0.205898	-0.024391	-0.002743	0.025767	0.278348	0.271307	0.632931
2021-07-29 06:14:50.000000 	-57.000000	56.307328	-158.503773	487.240036	-0.037858	-0.011012	0.021289	0.255750	0.206692	0.378487	-0.127858	-0.020856	-0.003627	0.039492	0.187892	0.183139	0.427246
2021-07-29 06:14:51.000000 	-56.000000	56.307328	-158.503773	487.240036	-0.031495	-0.015344	0.009742	0.327818	0.264945	0.485153	-0.175520	-0.023655	0.002736	0.027481	0.240841	0.234750	0.547651
2021-07-29 06:14:52.000000 	-55.000000	56.307328	-158.503773	487.240036	-0.043027	-0.017096	0.019225	0.309051	0.249786	0.457388	-0.157411	-0.027857	0.000140	0.041680	0.227056	0.221314	0.516309
2021-07-29 06:14:53.000000 	-54.000000	56.307328	-158.503773	487.240036	-0.024345	-0.008068	0.011445	0.341194	0.275774	0.504970	-0.185416	-0.014957	-0.001414	0.023728	0.250675	0.244336	0.570019
2021-07-29 06:14:54.000000 	-53.000000	56.307328	-158.503773	487.240036	-0.038225	-0.019248	0.034068	0.307254	0.248350	0.454748	-0.151769	-0.016562	0.003902	0.051988	0.225741	0.220034	0.513326
2021-07-29 06:14:55.000000 	-52.000000	56.307328	-158.503773	487.240036	-0.026715	-0.009574	0.001665	0.329194	0.266092	0.487229	-0.181420	-0.022677	-0.000882	0.017121	0.241864	0.235749	0.549991
2021-07-29 06:14:56.000000 	-51.000000	56.307328	-158.503773	487.240036	-0.039828	-0.017138	0.026859	0.340576	0.275302	0.504087	-0.173718	-0.021158	0.001351	0.046388	0.250230	0.243904	0.569020
2021-07-29 06:14:57.000000 	-50.000000	56.307328	-158.503773	487.240036	-0.033424	-0.019428	0.018325	0.282445	0.228319	0.418055	-0.144873	-0.021633	0.005829	0.036448	0.207522	0.202276	0.471905
2021-07-29 06:14:58.000000 	-49.000000	56.307328	-158.503773	487.240036	-0.032394	-0.011270	0.004616	0.320171	0.258824	0.473905	-0.173246	-0.025953	-0.001385	0.022852	0.235244	0.229297	0.534947
2021-07-29 06:14:59.000000 	-48.000000	56.307328	-158.503773	487.240036	-0.033225	-0.004244	0.023641	0.323159	0.261249	0.478339	-0.168093	-0.013901	-0.008226	0.037682	0.237443	0.231441	0.539951
2021-07-29 06:15:00.000000 	-47.000000	56.307328	-158.503773	487.240036	-0.029867	-0.012913	0.013489	0.291749	0.235864	0.431854	-0.153930	-0.019576	0.001070	0.029264	0.214366	0.208948	0.487478
2021-07-29 06:15:01.000000 	-46.000000	56.307328	-158.503773	487.240036	-0.039739	-0.015889	0.020283	0.311166	0.251570	0.460605	-0.159371	-0.024357	0.000222	0.040618	0.228636	0.222858	0.519932
2021-07-29 06:15:02.000000 	-45.000000	56.307328	-158.503773	487.240036	-0.035186	-0.017310	0.017462	0.298823	0.241599	0.442343	-0.154465	-0.022830	0.003213	0.036209	0.219570	0.214021	0.499316
2021-07-29 06:15:03.000000 	-44.000000	56.307328	-158.503773	487.240036	-0.036323	-0.008946	0.025194	0.317368	0.256601	0.469805	-0.162796	-0.016871	-0.004987	0.041529	0.233199	0.227306	0.530314
2021-07-29 06:15:04.000000 	-43.000000	56.307328	-158.503773	487.240036	-0.023371	-0.013566	0.000098	0.335428	0.271212	0.496550	-0.186143	-0.022175	0.004058	0.014902	0.246473	0.240245	0.560503
2021-07-29 06:15:05.000000 	-42.000000	56.307328	-158.503773	487.240036	-0.040338	-0.021186	0.030289	0.305132	0.246724	0.451710	-0.151208	-0.020884	0.004931	0.050328	0.224214	0.218549	0.509887
2021-07-29 06:15:06.000000 	-41.000000	56.307328	-158.503773	487.240036	-0.039057	-0.011945	0.030799	0.266175	0.215232	0.394049	-0.129782	-0.016793	-0.003198	0.048213	0.195591	0.190650	0.444798
2021-07-29 06:15:07.000000 	-40.000000	56.307328	-158.503773	487.240036	-0.031107	-0.018265	0.001929	0.376425	0.304391	0.557275	-0.206476	-0.028580	0.005595	0.021374	0.276609	0.269621	0.629045
2021-07-29 06:15:08.000000 	-39.000000	56.307328	-158.503773	487.240036	-0.024884	-0.005583	0.009680	0.283277	0.229075	0.419383	-0.152706	-0.015596	-0.003924	0.022033	0.208163	0.202905	0.473393
2021-07-29 06:15:09.000000 	-38.000000	56.307328	-158.503773	487.240036	-0.040511	-0.020680	0.017655	0.303169	0.245170	0.448842	-0.154954	-0.027873	0.004397	0.039803	0.222784	0.217157	0.506645
2021-07-29 06:15:10.000000 	-37.000000	56.307328	-158.503773	487.240036	-0.034409	-0.007418	0.021535	0.290115	0.234621	0.429524	-0.149140	-0.016953	-0.005707	0.037186	0.213194	0.207809	0.484839
2021-07-29 06:15:11.000000 	-36.000000	56.307328	-158.503773	487.240036	-0.032026	-0.017041	0.018661	0.385588	0.311842	0.570888	-0.205245	-0.019637	0.004120	0.035521	0.283357	0.276201	0.644405
2021-07-29 06:15:12.000000 	-35.000000	56.307328	-158.503773	487.240036	-0.025128	-0.006013	-0.003576	0.308051	0.249143	0.456098	-0.172022	-0.023270	-0.003613	0.011217	0.226380	0.220664	0.514833
2021-07-29 06:15:13.000000 	-34.000000	56.307328	-158.503773	487.240036	-0.039275	-0.017173	0.029668	0.315846	0.255455	0.467648	-0.158460	-0.019183	0.001586	0.048447	0.232112	0.226251	0.527869
2021-07-29 06:15:14.000000 	-33.000000	56.307328	-158.503773	487.240036	-0.037794	-0.015038	0.021998	0.353344	0.285793	0.523180	-0.183870	-0.021640	0.000142	0.040867	0.259672	0.253116	0.590550
2021-07-29 06:15:15.000000 	-32.000000	56.307328	-158.503773	487.240036	-0.040061	-0.018662	0.024526	0.261260	0.211321	0.386843	-0.128332	-0.023098	0.002684	0.044877	0.192002	0.187155	0.436657
2021-07-29 06:15:16.000000 	-31.000000	56.307328	-158.503773	487.240036	-0.023464	-0.008073	0.011297	0.294010	0.237819	0.435345	-0.158452	-0.014359	-0.001086	0.023152	0.216074	0.210619	0.491403
2021-07-29 06:15:17.000000 	-30.000000	56.307328	-158.503773	487.240036	-0.036276	-0.013183	0.008045	0.309790	0.250591	0.458720	-0.164600	-0.027639	-0.001026	0.028097	0.227674	0.221927	0.517787
2021-07-29 06:15:18.000000 	-29.000000	56.307328	-158.503773	487.240036	-0.041208	-0.016192	0.024134	0.336043	0.271837	0.497605	-0.171898	-0.023450	-0.000034	0.044641	0.246972	0.240737	0.561677
2021-07-29 06:15:19.000000 	-28.000000	56.307328	-158.503773	487.240036	-0.032568	-0.007180	0.022799	0.300409	0.243019	0.444847	-0.155187	-0.014754	-0.005254	0.037239	0.220786	0.215213	0.502126
2021-07-29 06:15:20.000000 	-27.000000	56.307328	-158.503773	487.240036	-0.045445	-0.023744	0.021522	0.320521	0.259297	0.474638	-0.161743	-0.030482	0.005440	0.046190	0.235570	0.229624	0.535751
2021-07-29 06:15:21.000000 	-26.000000	56.307328	-158.503773	487.240036	-0.024909	-0.010434	0.022503	0.290941	0.235375	0.430844	-0.151632	-0.009981	0.000581	0.033701	0.213833	0.208436	0.486317
2021-07-29 06:15:22.000000 	-25.000000	56.307328	-158.503773	487.240036	-0.034873	-0.009183	0.007128	0.295508	0.239079	0.437616	-0.157512	-0.025843	-0.004234	0.025797	0.217193	0.211712	0.493961
2021-07-29 06:15:23.000000 	-24.000000	56.307328	-158.503773	487.240036	-0.038756	-0.020972	0.032667	0.302252	0.244543	0.447613	-0.149119	-0.018275	0.005311	0.051447	0.222152	0.216547	0.505243
2021-07-29 06:15:24.000000 	-23.000000	56.307328	-158.503773	487.240036	-0.035988	-0.007796	0.001040	0.340494	0.275492	0.504256	-0.185746	-0.029660	-0.005934	0.021026	0.250263	0.243949	0.569178
2021-07-29 06:15:25.000000 	-22.000000	56.307328	-158.503773	487.240036	-0.028540	-0.018266	0.009523	0.278057	0.224983	0.411799	-0.147301	-0.022380	0.006537	0.026367	0.204375	0.199219	0.464816
2021-07-29 06:15:26.000000 	-21.000000	56.307328	-158.503773	487.240036	-0.033784	-0.012558	0.014989	0.346407	0.280296	0.513034	-0.184007	-0.021668	-0.000695	0.032461	0.254617	0.248193	0.579084
2021-07-29 06:15:27.000000 	-20.000000	56.307328	-158.503773	487.240036	-0.042581	-0.015164	0.025539	0.289159	0.233982	0.428258	-0.143837	-0.023420	-0.001495	0.046310	0.212541	0.207180	0.483392
2021-07-29 06:15:28.000000 	-19.000000	56.307328	-158.503773	487.240036	-0.030404	-0.002526	0.018236	0.306605	0.248107	0.454105	-0.161643	-0.014192	-0.008791	0.031380	0.225368	0.219683	0.512566
2021-07-29 06:15:29.000000 	-18.000000	56.307328	-158.503773	487.240036	-0.022047	-0.011006	0.006267	0.355733	0.287871	0.526878	-0.196238	-0.016947	0.002162	0.018831	0.261483	0.254887	0.594706
2021-07-29 06:15:30.000000 	-17.000000	56.307328	-158.503773	487.240036	-0.037942	-0.016667	0.017393	0.302381	0.244705	0.447867	-0.155877	-0.024805	0.001604	0.037443	0.222269	0.216663	0.505522
2021-07-29 06:15:31.000000 	-16.000000	56.307328	-158.503773	487.240036	-0.048318	-0.026453	0.039696	0.287541	0.232703	0.425895	-0.134348	-0.023450	0.006908	0.063344	0.211364	0.206033	0.480721
2021-07-29 06:15:32.000000 	-15.000000	56.307328	-158.503773	487.240036	-0.028227	-0.000097	0.003720	0.335125	0.271222	0.496385	-0.184657	-0.019818	-0.010254	0.017685	0.246345	0.240133	0.560284
2021-07-29 06:15:33.000000 	-14.000000	56.307328	-158.503773	487.240036	-0.035070	-0.018586	0.017256	0.270092	0.218597	0.400066	-0.137792	-0.023243	0.004442	0.036237	0.198543	0.193537	0.451565
2021-07-29 06:15:34.000000 	-13.000000	56.307328	-158.503773	487.240036	-0.032775	-0.011146	0.026116	0.337757	0.273371	0.500304	-0.175101	-0.014284	-0.001640	0.040912	0.248287	0.242027	0.564705
2021-07-29 06:15:35.000000 	-12.000000	56.307328	-158.503773	487.240036	-0.035754	-0.017486	0.010360	0.330291	0.267337	0.489255	-0.175329	-0.027263	0.003168	0.030629	0.242803	0.236681	0.552233
2021-07-29 06:15:36.000000 	-11.000000	56.307328	-158.503773	487.240036	-0.032703	-0.010110	0.016976	0.317716	0.257167	0.470636	-0.167196	-0.018982	-0.002577	0.033059	0.233561	0.227673	0.531216
2021-07-29 06:15:37.000000 	-10.000000	56.307328	-158.503773	487.240036	-0.041044	-0.011491	0.015308	0.340654	0.275743	0.504625	-0.178568	-0.026786	-0.004348	0.036257	0.250428	0.244114	0.569579
2021-07-29 06:15:38.000000 	-9.000000	56.307328	-158.503773	487.240036	-0.031688	-0.014538	0.028100	0.293436	0.237531	0.434688	-0.148575	-0.013375	0.001915	0.042691	0.215719	0.210281	0.490639
2021-07-29 06:15:39.000000 	-8.000000	56.307328	-158.503773	487.240036	-0.027966	-0.007213	0.001965	0.362040	0.293074	0.536325	-0.200326	-0.022759	-0.003536	0.017536	0.266157	0.259448	0.605357
2021-07-29 06:15:40.000000 	-7.000000	56.307328	-158.503773	487.240036	-0.032680	-0.008300	0.019982	0.303726	0.245877	0.449949	-0.158114	-0.016745	-0.004252	0.035181	0.223291	0.217663	0.507862
2021-07-29 06:15:41.000000 	-6.000000	56.307328	-158.503773	487.240036	-0.043054	-0.022338	0.021762	0.292955	0.237166	0.434001	-0.146543	-0.028069	0.005008	0.044869	0.215375	0.209947	0.489860
2021-07-29 06:15:42.000000 	-5.000000	56.307328	-158.503773	487.240036	-0.031377	-0.017118	0.018021	0.306675	0.248281	0.454335	-0.160003	-0.019513	0.004430	0.034670	0.225465	0.219783	0.512810
2021-07-29 06:15:43.000000 	-4.000000	56.307328	-158.503773	487.240036	-0.042816	-0.004765	0.016838	0.356555	0.288673	0.528242	-0.187361	-0.025258	-0.011256	0.037078	0.262140	0.255534	0.596228
2021-07-29 06:15:44.000000 	-3.000000	56.307328	-158.503773	487.240036	-0.027156	-0.006833	0.015668	0.282105	0.228405	0.417952	-0.148996	-0.014414	-0.003594	0.028441	0.207408	0.202181	0.471742
2021-07-29 06:15:45.000000 	-2.000000	56.307328	-158.503773	487.240036	-0.039198	-0.017114	0.020736	0.343652	0.278246	0.509147	-0.178174	-0.024060	0.001560	0.040963	0.252662	0.246296	0.574673
2021-07-29 06:15:46.000000 	-1.000000	56.307328	-158.503773	487.240036	-0.021730	-0.004526	0.013037	0.349686	0.283142	0.518097	-0.190896	-0.010970	-0.003752	0.022983	0.257102	0.250624	0.584773
2021-07-29 06:15:47.000000 	0.000000	56.307328	-158.503773	487.240036	-0.034563	-0.017658	0.009359	0.292795	0.237085	0.433815	-0.154282	-0.026949	0.003764	0.029216	0.215277	0.209853	0.489644
2021-07-29 06:15:48.000000 	1.000000	56.307328	-158.503773	487.240036	-0.032053	-0.006706	0.015669	0.283896	0.229887	0.420638	-0.148644	-0.018167	-0.005506	0.030944	0.208737	0.203478	0.474770
2021-07-29 06:15:49.000000 	2.000000	56.307328	-158.503773	487.240036	-0.033805	-0.013120	0.014685	0.325670	0.263723	0.482543	-0.172086	-0.022024	-0.000180	0.032334	0.239456	0.233424	0.544641
2021-07-29 06:15:50.000000 	3.000000	56.307328	-158.503773	487.240036	-0.037486	-0.016943	0.033806	0.336861	0.272794	0.499133	-0.169640	-0.015432	0.002028	0.050920	0.247687	0.241448	0.563365
2021-07-29 06:15:51.000000 	4.000000	56.307328	-158.503773	487.240036	-0.028100	-0.006169	0.005530	0.297343	0.240801	0.440588	-0.161557	-0.020567	-0.004557	0.020359	0.218634	0.213127	0.497284
2021-07-29 06:15:52.000000 	5.000000	56.307328	-158.503773	487.240036	-0.044304	-0.019844	0.023828	0.328623	0.266142	0.486947	-0.166457	-0.027130	0.002229	0.046727	0.241638	0.235552	0.549608
2021-07-29 06:15:53.000000 	6.000000	56.307328	-158.503773	487.240036	-0.029069	-0.006792	0.014332	0.338447	0.274107	0.501513	-0.181650	-0.016624	-0.004332	0.028310	0.248865	0.242597	0.566047
2021-07-29 06:15:54.000000 	7.000000	56.307328	-158.503773	487.240036	-0.045256	-0.024580	0.034180	0.300711	0.243553	0.445604	-0.145368	-0.023568	0.006287	0.056794	0.221121	0.215552	0.502942
2021-07-29 06:15:55.000000 	8.000000	56.307328	-158.503773	487.240036	-0.023613	-0.008402	0.007763	0.291062	0.235746	0.431315	-0.158118	-0.016535	-0.000835	0.020355	0.214029	0.208639	0.486813
2021-07-29 06:15:56.000000 	9.000000	56.307328	-158.503773	487.240036	-0.034015	-0.006401	0.015268	0.363828	0.294694	0.539155	-0.194639	-0.019814	-0.006509	0.031561	0.267541	0.260804	0.608528
2021-07-29 06:15:57.000000 	10.000000	56.307328	-158.503773	487.240036	-0.041125	-0.015790	0.024715	0.310115	0.251196	0.459567	-0.156770	-0.022941	-0.000378	0.045000	0.228047	0.222305	0.518698
2021-07-29 06:15:58.000000 	11.000000	56.307328	-158.503773	487.240036	-0.023900	-0.009368	0.009304	0.243310	0.197089	0.360573	-0.129662	-0.016197	-0.000042	0.021982	0.178923	0.174418	0.406966
2021-07-29 06:15:59.000000 	12.000000	56.307328	-158.503773	487.240036	-0.046492	-0.013757	0.025541	0.374344	0.303242	0.554770	-0.192404	-0.026018	-0.004237	0.048044	0.275286	0.268356	0.626148
2021-07-29 06:16:00.000000 	13.000000	56.307328	-158.503773	487.240036	-0.026277	-0.015105	0.014882	0.318847	0.258295	0.472533	-0.169983	-0.016692	0.004426	0.029016	0.234478	0.228575	0.533330
2021-07-29 06:16:01.000000 	14.000000	56.307328	-158.503773	487.240036	-0.037345	-0.016058	0.006691	0.319542	0.258867	0.473573	-0.170227	-0.030095	0.001256	0.028107	0.234993	0.229078	0.534501
2021-07-29 06:16:02.000000 	15.000000	56.307328	-158.503773	487.240036	-0.028522	-0.009702	0.024470	0.267868	0.217013	0.396998	-0.136641	-0.011464	-0.001424	0.037053	0.196995	0.192037	0.448074
2021-07-29 06:16:03.000000 	16.000000	56.307328	-158.503773	487.240036	-0.030502	-0.008534	0.005486	0.359766	0.291474	0.533207	-0.196864	-0.023172	-0.003237	0.022043	0.264583	0.257923	0.601805
2021-07-29 06:16:04.000000 	17.000000	56.307328	-158.503773	487.240036	-0.035081	-0.008956	0.028049	0.229102	0.185620	0.339557	-0.110889	-0.014329	-0.004522	0.043265	0.168491	0.164251	0.383241
2021-07-29 06:16:05.000000 	18.000000	56.307328	-158.503773	487.240036	-0.037440	-0.018846	0.021734	0.381756	0.309311	0.565820	-0.200257	-0.022674	0.003816	0.041239	0.280764	0.273698	0.638611
2021-07-29 06:16:06.000000 	19.000000	56.307328	-158.503773	487.240036	-0.034725	-0.010323	0.008030	0.320118	0.259379	0.474471	-0.171483	-0.025575	-0.003119	0.026703	0.235435	0.229511	0.535510
2021-07-29 06:16:07.000000 	20.000000	56.307328	-158.503773	487.240036	-0.039583	-0.021436	0.026930	0.327109	0.265053	0.484843	-0.165610	-0.022240	0.005440	0.047195	0.240581	0.234527	0.547214
2021-07-29 06:16:08.000000 	21.000000	56.307328	-158.503773	487.240036	-0.034593	-0.011724	0.013181	0.272863	0.221105	0.404447	-0.141962	-0.023043	-0.001768	0.031206	0.200688	0.195638	0.456475
2021-07-29 06:16:09.000000 	22.000000	56.307328	-158.503773	487.240036	-0.029021	-0.006149	0.014993	0.359712	0.291491	0.533188	-0.193832	-0.016024	-0.004913	0.028703	0.264569	0.257912	0.601776
2021-07-29 06:16:10.000000 	23.000000	56.307328	-158.503773	487.240036	-0.045150	-0.018472	0.029196	0.303039	0.245574	0.449192	-0.149452	-0.024388	0.000642	0.051350	0.222889	0.217281	0.506973
2021-07-29 06:16:11.000000 	24.000000	56.307328	-158.503773	487.240036	-0.036127	-0.027077	-0.006430	0.306976	0.248774	0.455037	-0.166735	-0.039790	0.011955	0.018801	0.225789	0.220108	0.513569
2021-07-29 06:16:12.000000 	25.000000	56.307328	-158.503773	487.240036	-0.048792	-0.029956	-0.005577	0.315791	0.255927	0.468112	-0.167204	-0.049999	0.009993	0.026633	0.232276	0.226433	0.528325
2021-07-29 06:16:13.000000 	26.000000	56.307328	-158.503773	487.240036	-0.055381	-0.021333	-0.001410	0.288909	0.234148	0.428271	-0.148895	-0.050159	-0.000444	0.031748	0.212506	0.207161	0.483358
2021-07-29 06:16:14.000000 	27.000000	56.307328	-158.503773	487.240036	-0.046132	-0.019403	-0.004181	0.332411	0.269414	0.492767	-0.178667	-0.043948	0.001149	0.024276	0.244508	0.238358	0.556148
2021-07-29 06:16:15.000000 	28.000000	56.307328	-158.503773	487.240036	-0.065989	-0.021292	0.020763	0.291980	0.236654	0.432840	-0.139116	-0.046059	-0.004370	0.055664	0.214773	0.209371	0.488513
2021-07-29 06:16:16.000000 	29.000000	56.307328	-158.503773	487.240036	-0.042392	-0.022182	-0.002963	0.372674	0.302068	0.552474	-0.202521	-0.041225	0.005105	0.023925	0.274134	0.267239	0.623533
2021-07-29 06:16:17.000000 	30.000000	56.307328	-158.503773	487.240036	-0.057663	-0.030944	-0.002989	0.239166	0.193861	0.354561	-0.117850	-0.055733	0.007661	0.033566	0.175930	0.171506	0.400164
2021-07-29 06:16:18.000000 	31.000000	56.307328	-158.503773	487.240036	-0.050154	-0.025855	0.004802	0.357047	0.289422	0.529327	-0.187715	-0.044046	0.005678	0.035138	0.262647	0.256042	0.597406
2021-07-29 06:16:19.000000 	32.000000	56.307328	-158.503773	487.240036	-0.069116	-0.038100	0.018055	0.324865	0.263344	0.481626	-0.156228	-0.055107	0.010123	0.058441	0.238977	0.232968	0.543568
2021-07-29 06:16:20.000000 	33.000000	56.307328	-158.503773	487.240036	-0.061934	-0.030946	-0.011180	0.313754	0.254347	0.465162	-0.163410	-0.063583	0.006098	0.028956	0.230808	0.225004	0.524986
2021-07-29 06:16:21.000000 	34.000000	56.307328	-158.503773	487.240036	-0.064082	-0.042514	0.018350	0.368647	0.298856	0.546555	-0.182877	-0.052392	0.016075	0.056986	0.271194	0.264375	0.616845
2021-07-29 06:16:22.000000 	35.000000	56.307328	-158.503773	487.240036	-0.033886	-0.028056	-0.047782	0.270540	0.219330	0.401110	-0.160067	-0.061293	0.013687	-0.016562	0.199025	0.194021	0.452694
2021-07-29 06:16:23.000000 	36.000000	56.307328	-158.503773	487.240036	0.003917	-0.066590	-0.008781	0.282265	0.228844	0.418501	-0.156287	-0.022142	0.063394	0.004208	0.207654	0.202434	0.472321
2021-07-29 06:16:25.000000 	38.000000	56.307328	-158.503773	487.240036	0.003018	0.031915	0.010932	0.294011	0.238383	0.435932	-0.168454	0.018131	-0.028589	0.001051	0.216302	0.210865	0.491991
2021-07-29 06:16:26.000000 	39.000000	56.307328	-158.503773	487.240036	-0.065050	-0.019944	0.061041	0.329644	0.267285	0.488775	-0.146278	-0.022577	-0.005281	0.088418	0.242522	0.236426	0.551628
2021-07-29 06:16:27.000000 	40.000000	56.307328	-158.503773	487.240036	-0.025985	-0.025425	-0.018229	0.614627	0.498374	0.911346	-0.353015	-0.037980	0.014135	0.003414	0.452194	0.440828	1.028536
2021-07-29 06:16:28.000000 	41.000000	56.307328	-158.503773	487.240036	-0.032679	-0.034391	0.032107	0.422324	0.342456	0.626218	-0.219177	-0.017973	0.020024	0.050572	0.310717	0.302908	0.706741
2021-07-29 06:16:29.000000 	42.000000	56.307328	-158.503773	487.240036	-0.052781	-0.001622	0.055970	0.247385	0.200607	0.366826	-0.105562	-0.010306	-0.017831	0.074141	0.182012	0.177438	0.413995
2021-07-29 06:16:30.000000 	43.000000	56.307328	-158.503773	487.240036	-0.023535	-0.035719	0.022240	0.317622	0.257573	0.470985	-0.164468	-0.016772	0.024611	0.037912	0.233693	0.227820	0.531545
2021-07-29 06:16:31.000000 	44.000000	56.307328	-158.503773	487.240036	-0.063555	-0.012102	0.029800	0.387864	0.314546	0.575153	-0.193695	-0.036360	-0.012029	0.060059	0.285379	0.278208	0.649106
2021-07-29 06:16:32.000000 	45.000000	56.307328	-158.503773	487.240036	-0.068193	-0.081225	0.006832	0.320681	0.260072	0.475538	-0.150021	-0.073766	0.050587	0.057393	0.235952	0.230023	0.536681
2021-07-29 06:16:33.000000 	46.000000	56.307328	-158.503773	487.240036	-0.076428	-0.057243	0.018153	0.361168	0.292917	0.535586	-0.172234	-0.066549	0.025255	0.066188	0.265746	0.259068	0.604448
2021-07-29 06:16:34.000000 	47.000000	56.307328	-158.503773	487.240036	-0.062418	-0.024045	0.024617	0.329182	0.266985	0.488162	-0.160462	-0.041996	-0.000500	0.057587	0.242215	0.236129	0.550925
2021-07-29 06:16:35.000000 	48.000000	56.307328	-158.503773	487.240036	-0.050242	-0.059359	-0.005269	0.354897	0.287852	0.526307	-0.184896	-0.059916	0.036820	0.033615	0.261141	0.254580	0.593973
2021-07-29 06:16:36.000000 	49.000000	56.307328	-158.503773	487.240036	-0.027108	-0.048227	-0.016668	0.257264	0.208670	0.381524	-0.140347	-0.044936	0.034939	0.009928	0.189304	0.184548	0.430575
2021-07-29 06:16:37.000000 	50.000000	56.307328	-158.503773	487.240036	-0.044356	0.067216	-0.000804	0.108653	0.088133	0.161137	0.043374	-0.014291	-0.078794	0.008562	0.079952	0.077944	0.181853
2021-07-29 06:16:38.000000 	51.000000	56.307328	-158.503773	487.240036	0.014333	0.008049	0.002156	0.275161	0.218676	0.500548	-0.146981	0.014746	-0.002237	-0.007240	0.226632	0.207959	0.528651
2021-07-29 06:16:39.000000 	52.000000	56.307328	-158.503773	487.240036	-0.044338	-0.055432	0.018858	0.439576	0.349327	0.799735	-0.208211	-0.040764	0.035329	0.049843	0.362063	0.332211	0.844618
2021-07-29 06:16:40.000000 	53.000000	56.307328	-158.503773	487.240036	-0.003240	0.005566	-0.009940	0.274882	0.218437	0.500162	-0.148428	-0.006325	-0.006366	-0.007729	0.226418	0.207738	0.528221
2021-07-29 06:16:41.000000 	54.000000	56.307328	-158.503773	487.240036	-0.009927	-0.026814	0.001500	0.268791	0.213588	0.489139	-0.136978	-0.015028	0.021311	0.011822	0.221408	0.203129	0.516568
2021-07-29 06:16:42.000000 	55.000000	56.307328	-158.503773	487.240036	0.012072	-0.015857	0.004605	0.410113	0.325873	0.746403	-0.215627	0.007066	0.019177	0.000824	0.337829	0.309920	0.788241
2021-07-29 06:16:43.000000 	56.000000	56.307328	-158.503773	487.240036	-0.026480	0.014712	0.013900	0.264664	0.210291	0.481745	-0.125629	-0.008304	-0.023392	0.022243	0.218023	0.200000	0.508737
2021-07-29 06:16:44.000000 	57.000000	56.307328	-158.503773	487.240036	-0.030084	0.001272	0.020146	0.400701	0.318368	0.729449	-0.193580	-0.011726	-0.012208	0.032032	0.330097	0.302792	0.770304
2021-07-29 06:16:45.000000 	58.000000	56.307328	-158.503773	487.240036	-0.000182	-0.003265	0.000287	0.337129	0.267848	0.613796	-0.176970	-0.000977	0.002971	0.000996	0.277736	0.254747	0.648159
2021-07-29 06:16:46.000000 	59.000000	56.307328	-158.503773	487.240036	-0.028673	-0.029374	-0.005805	0.351081	0.278921	0.639274	-0.178617	-0.034373	0.016824	0.015941	0.289240	0.265283	0.675049
2021-07-29 06:16:47.000000 	60.000000	56.307328	-158.503773	487.240036	-0.019764	-0.023445	-0.002129	0.315031	0.250271	0.573702	-0.160685	-0.023630	0.014572	0.013196	0.259549	0.238037	0.605794
2021-07-29 06:16:48.000000 	61.000000	56.307328	-158.503773	487.240036	-0.025195	-0.007447	0.005582	0.386542	0.307069	0.704015	-0.193974	-0.018679	-0.002303	0.019162	0.318476	0.292063	0.743381
2021-07-29 06:16:49.000000 	62.000000	56.307328	-158.503773	487.240036	-0.037729	-0.032029	0.019742	0.344287	0.273490	0.627131	-0.160673	-0.028021	0.015976	0.042411	0.283671	0.260129	0.662183
2021-07-29 06:16:50.000000 	63.000000	56.307328	-158.503773	487.240036	-0.031171	-0.004842	-0.006093	0.382462	0.303802	0.696751	-0.195461	-0.028987	-0.006917	0.012004	0.315135	0.288965	0.735679
2021-07-29 06:16:51.000000 	64.000000	56.307328	-158.503773	487.240036	-0.017775	-0.038704	0.021500	0.334741	0.265886	0.609891	-0.159565	-0.013634	0.029499	0.034931	0.275825	0.252904	0.643952
2021-07-29 06:16:52.000000 	65.000000	56.307328	-158.503773	487.240036	-0.045183	-0.028256	0.027336	0.346399	0.275134	0.631207	-0.156360	-0.028429	0.009734	0.051809	0.285440	0.261705	0.666444
2021-07-29 06:16:53.000000 	66.000000	56.307328	-158.503773	487.240036	-0.051463	-0.034538	0.013439	0.447145	0.355139	0.814885	-0.213858	-0.042915	0.013277	0.044765	0.368470	0.337810	0.860357
2021-07-29 06:16:54.000000 	67.000000	56.307328	-158.503773	487.240036	-0.046261	-0.026594	-0.016392	0.330449	0.262445	0.602289	-0.167026	-0.053014	0.007793	0.015645	0.272316	0.249642	0.635884
2021-07-29 06:16:55.000000 	68.000000	56.307328	-158.503773	487.240036	-0.041048	-0.016938	0.007584	0.352998	0.280342	0.643465	-0.170481	-0.032735	0.000719	0.030940	0.290908	0.266670	0.679343
2021-07-29 06:16:56.000000 	69.000000	56.307328	-158.503773	487.240036	-0.025349	-0.017074	-0.002658	0.294203	0.233639	0.536355	-0.148610	-0.026304	0.006597	0.014343	0.242463	0.222248	0.566248
2021-07-29 06:16:57.000000 	70.000000	56.307328	-158.503773	487.240036	-0.049723	-0.035603	-0.014909	0.338071	0.268465	0.616404	-0.168810	-0.057619	0.014906	0.020497	0.278625	0.255380	0.650744
2021-07-29 06:16:58.000000 	71.000000	56.307328	-158.503773	487.240036	-0.007512	-0.022538	-0.009386	0.399939	0.317582	0.729296	-0.211886	-0.017894	0.018218	0.000649	0.329626	0.302108	0.769909
2021-07-29 06:16:59.000000 	72.000000	56.307328	-158.503773	487.240036	-0.034407	0.010483	0.013316	0.273970	0.217545	0.499650	-0.128384	-0.016053	-0.022362	0.026707	0.225811	0.206948	0.527463
2021-07-29 06:17:00.000000 	73.000000	56.307328	-158.503773	487.240036	-0.028353	-0.030678	-0.040365	0.338757	0.268977	0.617878	-0.187219	-0.053695	0.018154	-0.012714	0.279219	0.255879	0.652258
2021-07-29 06:17:01.000000 	74.000000	56.307328	-158.503773	487.240036	-0.050149	0.013050	0.010183	0.377654	0.299850	0.688908	-0.179759	-0.029195	-0.030519	0.031705	0.311290	0.285253	0.727224
2021-07-29 06:17:02.000000 	75.000000	56.307328	-158.503773	487.240036	-0.017355	-0.060804	-0.030034	0.268181	0.212922	0.489269	-0.145254	-0.048634	0.050215	-0.003671	0.221062	0.202560	0.516471
2021-07-29 06:17:03.000000 	76.000000	56.307328	-158.503773	487.240036	-0.021401	0.011240	-0.063559	0.341457	0.271089	0.623029	-0.201673	-0.048399	-0.018300	-0.044122	0.281474	0.257899	0.657653
2021-07-29 06:17:04.000000 	77.000000	56.307328	-158.503773	487.240036	-0.000644	0.016849	-0.002275	0.380967	0.302444	0.695203	-0.201135	0.003377	-0.015913	-0.004985	0.314054	0.287734	0.733822
2021-07-29 06:17:05.000000 	78.000000	56.307328	-158.503773	487.240036	-0.025933	0.016050	0.012827	0.287071	0.227892	0.523922	-0.137952	-0.008067	-0.024436	0.020795	0.236658	0.216811	0.553014
2021-07-29 06:17:06.000000 	79.000000	56.307328	-158.503773	487.240036	-0.037983	0.023315	0.017891	0.374101	0.296969	0.682839	-0.177934	-0.012372	-0.035612	0.029752	0.308415	0.282534	0.720740
2021-07-29 06:17:07.000000 	80.000000	56.307328	-158.503773	487.240036	-0.021747	-0.033071	0.013039	0.375371	0.297965	0.685239	-0.184269	-0.019685	0.022801	0.028796	0.309473	0.283486	0.723258
2021-07-29 06:17:08.000000 	81.000000	56.307328	-158.503773	487.240036	-0.031050	-0.003464	0.035780	0.362692	0.287889	0.662173	-0.165733	-0.005245	-0.008154	0.046501	0.299030	0.273903	0.698896
2021-07-29 06:17:09.000000 	82.000000	56.307328	-158.503773	487.240036	-0.018912	-0.014256	-0.015201	0.383983	0.304777	0.701130	-0.203418	-0.027419	0.006334	0.000012	0.316595	0.289975	0.739998
2021-07-29 06:17:10.000000 	83.000000	56.307328	-158.503773	487.240036	-0.043328	-0.018316	0.016739	0.313454	0.248787	0.572418	-0.144565	-0.029841	0.001165	0.040014	0.258453	0.236708	0.604137
2021-07-29 06:17:11.000000 	84.000000	56.307328	-158.503773	487.240036	-0.029098	-0.035453	-0.023767	0.358740	0.284718	0.655195	-0.189982	-0.046520	0.022325	0.002451	0.295802	0.270899	0.691487
2021-07-29 06:17:12.000000 	85.000000	56.307328	-158.503773	487.240036	-0.033339	-0.011343	0.021318	0.339680	0.269580	0.620460	-0.159486	-0.017442	-0.001663	0.037251	0.280096	0.256500	0.654813
2021-07-29 06:17:13.000000 	86.000000	56.307328	-158.503773	487.240036	-0.041448	-0.034916	0.010187	0.409108	0.324667	0.747366	-0.197876	-0.037082	0.017299	0.036967	0.337357	0.308918	0.788730
2021-07-29 06:17:14.000000 	87.000000	56.307328	-158.503773	487.240036	-0.027062	-0.026175	-0.013368	0.345606	0.274261	0.631436	-0.179513	-0.036346	0.014438	0.008166	0.285003	0.260961	0.666368
2021-07-29 06:17:15.000000 	88.000000	56.307328	-158.503773	487.240036	-0.030254	-0.017763	0.006407	0.365415	0.289969	0.667708	-0.180502	-0.025282	0.005441	0.024557	0.301348	0.275912	0.704632
2021-07-29 06:17:16.000000 	89.000000	56.307328	-158.503773	487.240036	-0.030308	-0.028734	-0.032099	0.351903	0.279236	0.643095	-0.190005	-0.050030	0.015629	-0.005223	0.290215	0.265703	0.678643
2021-07-29 06:17:17.000000 	90.000000	56.307328	-158.503773	487.240036	-0.014317	-0.011370	0.018443	0.350425	0.278051	0.640471	-0.171470	-0.004319	0.005333	0.025046	0.289006	0.264580	0.675859
2021-07-29 06:17:18.000000 	91.000000	56.307328	-158.503773	487.240036	-0.019321	0.006133	-0.016494	0.363200	0.288177	0.663901	-0.193247	-0.022238	-0.012786	-0.004997	0.299554	0.274219	0.700569
2021-07-29 06:17:19.000000 	92.000000	56.307328	-158.503773	487.240036	-0.033135	-0.013396	-0.013184	0.324872	0.257756	0.593911	-0.167151	-0.037049	0.000322	0.008856	0.267951	0.245275	0.626699
2021-07-29 06:17:20.000000 	93.000000	56.307328	-158.503773	487.240036	-0.029471	-0.008094	0.003852	0.381552	0.302714	0.697613	-0.190633	-0.023146	-0.003269	0.020062	0.314711	0.288060	0.736111
2021-07-29 06:17:21.000000 	94.000000	56.307328	-158.503773	487.240036	-0.033217	-0.026736	0.007484	0.315442	0.250254	0.576811	-0.152327	-0.029715	0.012704	0.028807	0.260192	0.238144	0.608629
2021-07-29 06:17:22.000000 	95.000000	56.307328	-158.503773	487.240036	-0.044014	-0.033558	0.036524	0.313964	0.249072	0.574177	-0.134718	-0.024043	0.015095	0.059928	0.258982	0.237022	0.605837
2021-07-29 06:17:23.000000 	96.000000	56.307328	-158.503773	487.240036	-0.005578	-0.026518	-0.050014	0.380322	0.301702	0.695617	-0.220057	-0.040148	0.022629	-0.033343	0.313731	0.287111	0.733957
2021-07-29 06:17:24.000000 	97.000000	56.307328	-158.503773	487.240036	-0.028187	-0.000044	-0.005843	0.330977	0.262547	0.605436	-0.168831	-0.025076	-0.010288	0.009696	0.273035	0.249853	0.638791
2021-07-29 06:17:25.000000 	98.000000	56.307328	-158.503773	487.240036	-0.024197	-0.013540	0.005291	0.360444	0.285911	0.659418	-0.180134	-0.019925	0.003732	0.019644	0.297354	0.272091	0.695732
2021-07-29 06:17:26.000000 	99.000000	56.307328	-158.503773	487.240036	-0.019414	-0.015318	-0.004350	0.237449	0.188341	0.434456	-0.120994	-0.022113	0.007139	0.009515	0.195894	0.179241	0.458372
2021-07-29 06:17:27.000000 	100.000000	56.307328	-158.503773	487.240036	-0.029463	-0.015935	0.002529	0.486288	0.385702	0.889858	-0.246056	-0.026264	0.004030	0.020551	0.401200	0.367070	0.938823
2021-07-29 06:17:28.000000 	101.000000	56.307328	-158.503773	487.240036	-0.012292	-0.007368	0.013751	0.390078	0.309379	0.713888	-0.195030	-0.004134	0.002351	0.019283	0.321835	0.294439	0.753153
2021-07-29 06:17:29.000000 	102.000000	56.307328	-158.503773	487.240036	-0.028894	-0.016451	-0.004976	0.314792	0.249659	0.576176	-0.159274	-0.030144	0.004719	0.014118	0.259730	0.237606	0.607853
2021-07-29 06:17:30.000000 	103.000000	56.307328	-158.503773	487.240036	-0.041972	-0.013202	0.008668	0.387507	0.307317	0.709355	-0.187747	-0.031709	-0.003096	0.031560	0.319737	0.292485	0.748338
2021-07-29 06:17:31.000000 	104.000000	56.307328	-158.503773	487.240036	-0.033873	-0.042930	0.015854	0.353732	0.280520	0.647605	-0.167407	-0.030517	0.027531	0.039402	0.291879	0.266985	0.683180
2021-07-29 06:17:32.000000 	105.000000	56.307328	-158.503773	487.240036	-0.024367	-0.029565	-0.001372	0.372896	0.295705	0.682771	-0.188905	-0.028639	0.018579	0.017445	0.307703	0.281442	0.720262
2021-07-29 06:17:33.000000 	106.000000	56.307328	-158.503773	487.240036	-0.042379	-0.015457	0.010002	0.343748	0.272581	0.629478	-0.163823	-0.031972	-0.001147	0.033337	0.283662	0.259437	0.664029
2021-07-29 06:17:34.000000 	107.000000	56.307328	-158.503773	487.240036	-0.020563	-0.022640	-0.026321	0.363782	0.288455	0.666244	-0.196754	-0.037423	0.013530	-0.006684	0.300204	0.274551	0.702797
2021-07-29 06:17:35.000000 	108.000000	56.307328	-158.503773	487.240036	-0.025791	-0.017039	0.004688	0.351616	0.278797	0.644039	-0.175116	-0.022560	0.006403	0.020677	0.290175	0.265362	0.679360
2021-07-29 06:17:36.000000 	109.000000	56.307328	-158.503773	487.240036	-0.022143	-0.017817	-0.011536	0.256849	0.203649	0.470517	-0.133482	-0.028973	0.008464	0.005453	0.211975	0.193838	0.496310
2021-07-29 06:17:37.000000 	110.000000	56.307328	-158.503773	487.240036	-0.031425	-0.006372	-0.006455	0.342997	0.271942	0.628405	-0.174287	-0.029851	-0.005587	0.012145	0.283083	0.258846	0.662839
2021-07-29 06:17:38.000000 	111.000000	56.307328	-158.503773	487.240036	-0.031920	-0.020820	0.011409	0.396084	0.314019	0.725752	-0.193572	-0.024730	0.007675	0.030200	0.326908	0.298901	0.765504
2021-07-29 06:17:39.000000 	112.000000	56.307328	-158.503773	487.240036	-0.029019	-0.017461	-0.007990	0.384662	0.304951	0.704906	-0.197310	-0.032221	0.005612	0.011880	0.317492	0.290274	0.743500
2021-07-29 06:17:40.000000 	113.000000	56.307328	-158.503773	487.240036	-0.021843	-0.011597	-0.032234	0.322508	0.255667	0.591078	-0.177585	-0.038327	0.002786	-0.013188	0.266201	0.243365	0.623426
2021-07-29 06:17:41.000000 	114.000000	56.307328	-158.503773	487.240036	-0.046019	-0.016178	0.051265	0.297062	0.235485	0.544507	-0.119091	-0.012120	-0.001810	0.069695	0.245207	0.224158	0.574294
2021-07-29 06:17:42.000000 	115.000000	56.307328	-158.503773	487.240036	-0.008722	-0.008645	-0.026707	0.418796	0.331973	0.767735	-0.229541	-0.024203	0.004848	-0.015962	0.345704	0.316009	0.809716
2021-07-29 06:17:43.000000 	116.000000	56.307328	-158.503773	487.240036	-0.032603	-0.019143	-0.005564	0.306354	0.242832	0.561674	-0.153763	-0.034163	0.005864	0.016090	0.252895	0.231159	0.592374
2021-07-29 06:17:44.000000 	117.000000	56.307328	-158.503773	487.240036	-0.014662	-0.007344	-0.009428	0.353552	0.280233	0.648285	-0.185849	-0.018820	0.001460	0.001216	0.291868	0.266765	0.683704
2021-07-29 06:17:45.000000 	118.000000	56.307328	-158.503773	487.240036	-0.024808	-0.010159	-0.015447	0.338231	0.268079	0.620267	-0.177589	-0.030872	0.000362	0.002018	0.279230	0.255200	0.654141
2021-07-29 06:17:46.000000 	119.000000	56.307328	-158.503773	487.240036	-0.045803	-0.031066	0.023488	0.319136	0.252934	0.585320	-0.142870	-0.031900	0.012121	0.049499	0.263476	0.240787	0.617272
2021-07-29 06:17:47.000000 	120.000000	56.307328	-158.503773	487.240036	-0.036210	-0.012962	0.005014	0.422210	0.334613	0.774458	-0.209210	-0.029202	-0.001209	0.025496	0.348586	0.318548	0.816718
2021-07-29 06:17:48.000000 	121.000000	56.307328	-158.503773	487.240036	-0.012971	-0.018579	0.001970	0.288644	0.228749	0.529521	-0.146508	-0.014613	0.012533	0.012111	0.238319	0.217770	0.558403
2021-07-29 06:17:49.000000 	122.000000	56.307328	-158.503773	487.240036	-0.053055	-0.025884	-0.010184	0.337864	0.267745	0.619890	-0.165633	-0.054613	0.004643	0.024173	0.278968	0.254898	0.653687
2021-07-29 06:17:50.000000 	123.000000	56.307328	-158.503773	487.240036	-0.029813	-0.022059	0.001574	0.303870	0.240797	0.557587	-0.149900	-0.028932	0.009600	0.021181	0.250909	0.229246	0.587975
2021-07-29 06:17:51.000000 	124.000000	56.307328	-158.503773	487.240036	-0.027917	-0.010076	-0.026626	0.307058	0.243314	0.563505	-0.165077	-0.039455	-0.000855	-0.005696	0.253551	0.231646	0.594202
2021-07-29 06:17:52.000000 	125.000000	56.307328	-158.503773	487.240036	-0.030174	-0.014062	0.024062	0.391288	0.310046	0.718167	-0.185801	-0.014298	0.002027	0.038453	0.323116	0.295183	0.757273
2021-07-29 06:17:53.000000 	126.000000	56.307328	-158.503773	487.240036	-0.028139	-0.014579	-0.007227	0.320068	0.253603	0.587520	-0.163174	-0.030238	0.003254	0.011474	0.264313	0.241449	0.619498
2021-07-29 06:17:54.000000 	127.000000	56.307328	-158.503773	487.240036	-0.015808	-0.018307	-0.009632	0.395985	0.313743	0.726962	-0.207465	-0.023162	0.011240	0.003867	0.327018	0.298712	0.766514
2021-07-29 06:17:55.000000 	128.000000	56.307328	-158.503773	487.240036	-0.036654	-0.011784	0.014544	0.352640	0.279390	0.647465	-0.168089	-0.023900	-0.002467	0.033416	0.291233	0.266008	0.682677
2021-07-29 06:17:56.000000 	129.000000	56.307328	-158.503773	487.240036	-0.013866	-0.009330	-0.008370	0.377238	0.298867	0.692712	-0.197855	-0.018222	0.003600	0.002090	0.311560	0.284557	0.730368
2021-07-29 06:17:57.000000 	130.000000	56.307328	-158.503773	487.240036	-0.039334	-0.012975	0.024343	0.329307	0.260884	0.604770	-0.150495	-0.020903	-0.002341	0.043194	0.271984	0.248396	0.637632
2021-07-29 06:17:58.000000 	131.000000	56.307328	-158.503773	487.240036	-0.031232	-0.018915	0.012575	0.354780	0.281052	0.651627	-0.171392	-0.022969	0.006155	0.030429	0.293033	0.267603	0.687020
2021-07-29 06:17:59.000000 	132.000000	56.307328	-158.503773	487.240036	-0.031918	-0.018914	0.002704	0.357710	0.283362	0.657088	-0.177229	-0.028976	0.005902	0.022569	0.295464	0.269807	0.692763
2021-07-29 06:18:00.000000 	133.000000	56.307328	-158.503773	487.240036	-0.027583	-0.037073	0.008101	0.388201	0.307504	0.713183	-0.191048	-0.028162	0.024387	0.028514	0.320661	0.292798	0.751886
2021-07-29 06:18:01.000000 	134.000000	56.307328	-158.503773	487.240036	-0.029957	-0.021267	-0.021988	0.271091	0.214730	0.498094	-0.142890	-0.041873	0.008810	0.001491	0.223935	0.204464	0.525114
2021-07-29 06:18:02.000000 	135.000000	56.307328	-158.503773	487.240036	-0.026689	-0.017812	-0.005369	0.341149	0.270212	0.626892	-0.173674	-0.029070	0.006793	0.012929	0.281817	0.257298	0.660884
2021-07-29 06:18:03.000000 	136.000000	56.307328	-158.503773	487.240036	-0.017017	-0.014257	0.021952	0.295866	0.234336	0.543745	-0.140026	-0.005343	0.007030	0.029946	0.244419	0.223140	0.573216
2021-07-29 06:18:04.000000 	137.000000	56.307328	-158.503773	487.240036	-0.018037	-0.008169	-0.045929	0.328491	0.260166	0.603775	-0.187768	-0.041932	0.000991	-0.027244	0.271380	0.247739	0.636486
2021-07-29 06:18:05.000000 	138.000000	56.307328	-158.503773	487.240036	-0.025492	-0.016465	-0.016363	0.343943	0.272393	0.632251	-0.180450	-0.033832	0.005978	0.002890	0.284157	0.259387	0.666491
2021-07-29 06:18:06.000000 	139.000000	56.307328	-158.503773	487.240036	-0.045576	-0.006218	0.008523	0.347501	0.275201	0.638869	-0.165417	-0.032451	-0.010916	0.031879	0.287108	0.262064	0.673452
2021-07-29 06:18:07.000000 	140.000000	56.307328	-158.503773	487.240036	-0.010907	-0.006855	-0.015129	0.389186	0.308201	0.715591	-0.207969	-0.018927	0.002381	-0.005565	0.321560	0.293494	0.754310
2021-07-29 06:18:08.000000 	141.000000	56.307328	-158.503773	487.240036	-0.051204	-0.036087	0.029263	0.385485	0.305258	0.708871	-0.173273	-0.034409	0.014813	0.058113	0.318514	0.290696	0.747210
2021-07-29 06:18:09.000000 	142.000000	56.307328	-158.503773	487.240036	-0.010986	-0.017305	-0.016340	0.357105	0.282774	0.656761	-0.191300	-0.022846	0.012076	-0.004407	0.295076	0.269288	0.692267
2021-07-29 06:18:10.000000 	143.000000	56.307328	-158.503773	487.240036	-0.038643	-0.014061	0.005498	0.277639	0.219840	0.510674	-0.131800	-0.031152	-0.001078	0.027379	0.229422	0.209360	0.538271
2021-07-29 06:18:11.000000 	144.000000	56.307328	-158.503773	487.240036	-0.014771	-0.009528	-0.017674	0.380452	0.301238	0.699866	-0.203410	-0.024144	0.003453	-0.005145	0.314391	0.286881	0.737670
2021-07-29 06:18:12.000000 	145.000000	56.307328	-158.503773	487.240036	-0.031513	-0.007663	0.017770	0.383133	0.303349	0.704882	-0.184060	-0.016874	-0.004418	0.032609	0.316619	0.288896	0.742941
2021-07-29 06:18:13.000000 	146.000000	56.307328	-158.503773	487.240036	-0.033510	-0.016665	-0.004233	0.270700	0.214321	0.498090	-0.133937	-0.033371	0.003227	0.017162	0.223714	0.204113	0.524972
2021-07-29 06:18:14.000000 	147.000000	56.307328	-158.503773	487.240036	-0.024426	-0.025897	-0.013928	0.337729	0.267380	0.621497	-0.175899	-0.034531	0.015145	0.006283	0.279119	0.254648	0.655026
2021-07-29 06:18:15.000000 	148.000000	56.307328	-158.503773	487.240036	-0.028817	-0.014078	0.012210	0.408789	0.323624	0.752352	-0.200627	-0.019828	0.002539	0.027895	0.337859	0.308220	0.792922
2021-07-29 06:18:16.000000 	149.000000	56.307328	-158.503773	487.240036	-0.029823	-0.022256	-0.008434	0.398436	0.315416	0.733385	-0.204011	-0.034552	0.009780	0.012900	0.329315	0.300407	0.772916
2021-07-29 06:18:17.000000 	150.000000	56.307328	-158.503773	487.240036	-0.022673	-0.008675	-0.007967	0.315774	0.249969	0.581303	-0.162837	-0.024617	-0.000237	0.006837	0.261004	0.238078	0.612623
2021-07-29 06:18:18.000000 	151.000000	56.307328	-158.503773	487.240036	-0.035116	-0.028735	0.013926	0.333655	0.264114	0.614293	-0.157914	-0.028221	0.013869	0.035553	0.275794	0.251553	0.647376
2021-07-29 06:18:19.000000 	152.000000	56.307328	-158.503773	487.240036	-0.024811	-0.010154	-0.003629	0.348699	0.276011	0.642067	-0.177514	-0.024317	0.000356	0.011851	0.288240	0.262889	0.676631
2021-07-29 06:18:20.000000 	153.000000	56.307328	-158.503773	487.240036	-0.040183	-0.010910	0.020815	0.356452	0.282137	0.656421	-0.166022	-0.022887	-0.004574	0.040277	0.294660	0.268729	0.691743
2021-07-29 06:18:21.000000 	154.000000	56.307328	-158.503773	487.240036	-0.020158	-0.021195	-0.023091	0.354188	0.280334	0.652328	-0.190057	-0.034876	0.012334	-0.004499	0.292800	0.267015	0.687415
2021-07-29 06:18:22.000000 	155.000000	56.307328	-158.503773	487.240036	-0.034863	-0.020013	0.018627	0.379608	0.300443	0.699230	-0.180405	-0.022757	0.005846	0.037561	0.313827	0.286173	0.736823
2021-07-29 06:18:23.000000 	156.000000	56.307328	-158.503773	487.240036	-0.021044	-0.013701	-0.021838	0.307527	0.243385	0.566525	-0.164973	-0.032582	0.005037	-0.004523	0.254246	0.231828	0.596971
2021-07-29 06:18:24.000000 	157.000000	56.307328	-158.503773	487.240036	-0.027374	-0.011136	-0.003525	0.393483	0.311400	0.724958	-0.200193	-0.026542	0.000331	0.013460	0.325322	0.296619	0.763902
2021-07-29 06:18:25.000000 	158.000000	56.307328	-158.503773	487.240036	-0.022921	-0.017960	-0.004599	0.358458	0.283670	0.660506	-0.183293	-0.025771	0.008311	0.011655	0.296375	0.270210	0.695972
2021-07-29 06:18:26.000000 	159.000000	56.307328	-158.503773	487.240036	-0.030046	-0.020979	-0.022651	0.311474	0.246480	0.574002	-0.164397	-0.042222	0.008509	0.000926	0.257539	0.234788	0.604810
2021-07-29 06:18:27.000000 	160.000000	56.307328	-158.503773	487.240036	-0.026021	-0.010728	0.021125	0.404811	0.320329	0.746097	-0.195149	-0.011696	0.000447	0.033188	0.334727	0.305138	0.786125
2021-07-29 06:18:28.000000 	161.000000	56.307328	-158.503773	487.240036	-0.038166	-0.021904	0.002371	0.325179	0.257306	0.599401	-0.158035	-0.034909	0.006395	0.026125	0.268892	0.245108	0.631544
2021-07-29 06:18:29.000000 	162.000000	56.307328	-158.503773	487.240036	-0.028588	-0.014000	0.007673	0.372788	0.294966	0.687238	-0.183756	-0.022143	0.002550	0.023986	0.308272	0.280987	0.724077
2021-07-29 06:18:30.000000 	163.000000	56.307328	-158.503773	487.240036	-0.023613	-0.018855	-0.003296	0.319429	0.252737	0.588942	-0.161928	-0.025857	0.008891	0.013278	0.264158	0.240763	0.620498
2021-07-29 06:18:31.000000 	164.000000	56.307328	-158.503773	487.240036	-0.030488	-0.016607	-0.010736	0.336461	0.266203	0.620418	-0.172328	-0.034621	0.004280	0.010179	0.278254	0.253594	0.653646
2021-07-29 06:18:32.000000 	165.000000	56.307328	-158.503773	487.240036	-0.032042	-0.003507	0.007875	0.412730	0.326532	0.761143	-0.203884	-0.021506	-0.008478	0.023803	0.341341	0.311072	0.801891
2021-07-29 06:18:33.000000 	166.000000	56.307328	-158.503773	487.240036	-0.031002	-0.018800	0.003798	0.359576	0.284469	0.663198	-0.177700	-0.027625	0.006132	0.022983	0.297393	0.271004	0.698687
2021-07-29 06:18:34.000000 	167.000000	56.307328	-158.503773	487.240036	-0.029233	-0.032911	0.005239	0.343897	0.272054	0.634354	-0.168553	-0.029759	0.019910	0.026138	0.284436	0.259181	0.668285
2021-07-29 06:18:35.000000 	168.000000	56.307328	-158.503773	487.240036	-0.025506	-0.009509	0.011108	0.289098	0.228695	0.533336	-0.139209	-0.016483	-0.000499	0.024341	0.239122	0.217877	0.561851
2021-07-29 06:18:36.000000 	169.000000	56.307328	-158.503773	487.240036	-0.033170	-0.010341	-0.012000	0.436973	0.345660	0.806235	-0.225113	-0.035488	-0.002533	0.009239	0.361448	0.329315	0.849323
2021-07-29 06:18:37.000000 	170.000000	56.307328	-158.503773	487.240036	-0.015611	-0.020012	-0.024357	0.341023	0.269750	0.629278	-0.184904	-0.031699	0.012900	-0.008140	0.282093	0.256998	0.662894
2021-07-29 06:18:38.000000 	171.000000	56.307328	-158.503773	487.240036	-0.042734	-0.024102	0.018923	0.335348	0.265252	0.618880	-0.154396	-0.029933	0.006767	0.042701	0.277410	0.252716	0.651926
2021-07-29 06:18:39.000000 	172.000000	56.307328	-158.503773	487.240036	-0.022588	0.003163	-0.027226	0.411574	0.325532	0.759643	-0.221834	-0.031626	-0.011220	-0.011637	0.340479	0.310153	0.800189
2021-07-29 06:18:40.000000 	173.000000	56.307328	-158.503773	487.240036	-0.019992	-0.018321	0.000111	0.333639	0.263879	0.615871	-0.168782	-0.021001	0.009721	0.014135	0.276017	0.251417	0.648728
2021-07-29 06:18:41.000000 	174.000000	56.307328	-158.503773	487.240036	-0.027419	-0.016095	-0.014167	0.388292	0.307094	0.716841	-0.201959	-0.033992	0.004928	0.005636	0.321244	0.292595	0.755069
2021-07-29 06:18:42.000000 	175.000000	56.307328	-158.503773	487.240036	-0.032107	-0.019746	-0.004823	0.358402	0.283443	0.661738	-0.180549	-0.033551	0.006607	0.016573	0.296527	0.270065	0.697012
2021-07-29 06:18:43.000000 	176.000000	56.307328	-158.503773	487.240036	-0.029389	-0.023122	0.006252	0.364904	0.288575	0.673823	-0.179566	-0.026334	0.010745	0.025071	0.301919	0.274959	0.709726
2021-07-29 06:18:44.000000 	177.000000	56.307328	-158.503773	487.240036	-0.033431	-0.003311	0.029061	0.343489	0.271629	0.634355	-0.157317	-0.010769	-0.009170	0.042108	0.284212	0.258817	0.668140
2021-07-29 06:18:45.000000 	178.000000	56.307328	-158.503773	487.240036	-0.039374	-0.034477	0.004182	0.343643	0.271741	0.634715	-0.165803	-0.038673	0.017650	0.030811	0.284351	0.258927	0.668505
2021-07-29 06:18:46.000000 	179.000000	56.307328	-158.503773	487.240036	-0.006527	-0.003231	-0.038081	0.348386	0.275481	0.643551	-0.197904	-0.027163	0.000615	-0.027659	0.288286	0.262495	0.677796
2021-07-29 06:18:47.000000 	180.000000	56.307328	-158.503773	487.240036	-0.033039	-0.016767	0.019943	0.360370	0.284947	0.665767	-0.170117	-0.019626	0.003494	0.037054	0.298215	0.271519	0.701179
2021-07-29 06:18:48.000000 	181.000000	56.307328	-158.503773	487.240036	-0.030019	-0.006135	-0.005398	0.386354	0.305481	0.713856	-0.196452	-0.028104	-0.005292	0.012250	0.319730	0.291090	0.751810
2021-07-29 06:18:49.000000 	182.000000	56.307328	-158.503773	487.240036	-0.040055	-0.016015	0.005994	0.347566	0.274802	0.642265	-0.167707	-0.032566	0.000224	0.028917	0.287643	0.261860	0.676397
2021-07-29 06:18:50.000000 	183.000000	56.307328	-158.503773	487.240036	-0.033008	-0.026419	0.011901	0.363762	0.287596	0.672272	-0.175153	-0.027006	0.012486	0.032309	0.301058	0.274056	0.707984
2021-07-29 06:18:51.000000 	184.000000	56.307328	-158.503773	487.240036	-0.024951	-0.013825	0.013661	0.364657	0.288293	0.674006	-0.177553	-0.015953	0.003720	0.027055	0.301811	0.274725	0.709795
2021-07-29 06:18:52.000000 	185.000000	56.307328	-158.503773	487.240036	-0.027720	-0.008474	-0.004374	0.395928	0.313003	0.731891	-0.201586	-0.026469	-0.002273	0.012390	0.327705	0.298277	0.770736
2021-07-29 06:18:53.000000 	186.000000	56.307328	-158.503773	487.240036	-0.023919	-0.021213	-0.012020	0.305501	0.241507	0.564800	-0.158180	-0.031653	0.010972	0.006657	0.252871	0.230148	0.594764
2021-07-29 06:18:54.000000 	187.000000	56.307328	-158.503773	487.240036	-0.019170	-0.014600	-0.029353	0.396235	0.313223	0.732633	-0.215221	-0.035575	0.006560	-0.011560	0.327986	0.298496	0.771484
2021-07-29 06:18:55.000000 	188.000000	56.307328	-158.503773	487.240036	-0.029136	-0.016285	0.021344	0.291068	0.230081	0.538245	-0.134141	-0.015680	0.004476	0.036108	0.240944	0.219266	0.566775
2021-07-29 06:18:56.000000 	189.000000	56.307328	-158.503773	487.240036	-0.034288	-0.015915	-0.020924	0.402337	0.318023	0.744091	-0.210218	-0.043004	0.002243	0.003524	0.333064	0.303079	0.783515
2021-07-29 06:18:57.000000 	190.000000	56.307328	-158.503773	487.240036	-0.026246	-0.020717	0.007948	0.374950	0.296364	0.693524	-0.184917	-0.022225	0.009659	0.024371	0.310405	0.282443	0.730253
2021-07-29 06:18:58.000000 	191.000000	56.307328	-158.503773	487.240036	-0.043309	-0.005615	0.007800	0.328198	0.259402	0.607122	-0.155866	-0.030913	-0.010646	0.029985	0.271713	0.247220	0.639261
2021-07-29 06:18:59.000000 	192.000000	56.307328	-158.503773	487.240036	-0.025121	-0.014819	-0.005986	0.324181	0.256217	0.599761	-0.165169	-0.027287	0.004582	0.010998	0.268398	0.244189	0.631497
2021-07-29 06:19:00.000000 	193.000000	56.307328	-158.503773	487.240036	-0.024950	-0.019125	-0.004502	0.378032	0.298767	0.699472	-0.192628	-0.027643	0.008652	0.013020	0.312995	0.284746	0.736468
2021-07-29 06:19:01.000000 	194.000000	56.307328	-158.503773	487.240036	-0.030909	-0.014599	0.004259	0.273451	0.216106	0.506026	-0.132190	-0.026017	0.002257	0.022464	0.226415	0.205968	0.532778
2021-07-29 06:19:02.000000 	195.000000	56.307328	-158.503773	487.240036	-0.021944	-0.012076	-0.007677	0.466475	0.368638	0.863323	-0.241457	-0.024929	0.003195	0.007394	0.386254	0.351350	0.908945
2021-07-29 06:19:03.000000 	196.000000	56.307328	-158.503773	487.240036	-0.032629	-0.019523	-0.009953	0.330377	0.261076	0.611514	-0.167787	-0.036733	0.006208	0.012529	0.273572	0.248835	0.643815
2021-07-29 06:19:04.000000 	197.000000	56.307328	-158.503773	487.240036	-0.014738	-0.009060	-0.004862	0.363520	0.287255	0.672938	-0.188275	-0.016869	0.003029	0.005403	0.301029	0.273792	0.708469
2021-07-29 06:19:05.000000 	198.000000	56.307328	-158.503773	487.240036	-0.048857	-0.016569	0.031501	0.400611	0.316553	0.741689	-0.181264	-0.025399	-0.002487	0.054795	0.331757	0.301722	0.780832
2021-07-29 06:19:06.000000 	199.000000	56.307328	-158.503773	487.240036	-0.023802	-0.016586	0.000061	0.378171	0.298811	0.700226	-0.190984	-0.023449	0.006710	0.015708	0.313187	0.284815	0.737165
2021-07-29 06:19:07.000000 	200.000000	56.307328	-158.503773	487.240036	-0.012002	-0.023626	-0.036589	0.320969	0.253603	0.594381	-0.180436	-0.036792	0.017585	-0.019445	0.265826	0.241729	0.625722
2021-07-29 06:19:08.000000 	201.000000	56.307328	-158.503773	487.240036	-0.025884	-0.022573	-0.001745	0.272076	0.214964	0.503898	-0.135242	-0.027888	0.011518	0.016497	0.225342	0.204902	0.530457
2021-07-29 06:19:09.000000 	202.000000	56.307328	-158.503773	487.240036	-0.029523	-0.001381	0.022478	0.478645	0.378158	0.886578	-0.232041	-0.010807	-0.009534	0.034221	0.396444	0.360462	0.933286
2021-07-29 06:19:10.000000 	203.000000	56.307328	-158.503773	487.240036	-0.028099	-0.016992	-0.005157	0.337425	0.266576	0.625074	-0.170733	-0.029794	0.005513	0.013667	0.279488	0.254106	0.657991
2021-07-29 06:19:11.000000 	204.000000	56.307328	-158.503773	487.240036	-0.036166	-0.015169	0.012227	0.311874	0.246381	0.577811	-0.147151	-0.025840	0.000861	0.031924	0.258336	0.234859	0.608226
2021-07-29 06:19:12.000000 	205.000000	56.307328	-158.503773	487.240036	-0.019676	-0.026764	-0.012660	0.351508	0.277681	0.651317	-0.183411	-0.030415	0.017692	0.005063	0.291178	0.264700	0.685586
2021-07-29 06:19:13.000000 	206.000000	56.307328	-158.503773	487.240036	-0.034748	-0.018652	0.004590	0.368387	0.291004	0.682673	-0.180576	-0.030041	0.004621	0.025546	0.305172	0.277405	0.718575
2021-07-29 06:19:14.000000 	207.000000	56.307328	-158.503773	487.240036	-0.030470	-0.017089	-0.007440	0.319313	0.252230	0.591802	-0.161511	-0.032925	0.004735	0.013011	0.264530	0.240446	0.622912
2021-07-29 06:19:15.000000 	208.000000	56.307328	-158.503773	487.240036	-0.021319	-0.012344	-0.029858	0.387135	0.305792	0.717585	-0.209957	-0.036831	0.003673	-0.011330	0.320730	0.291511	0.755291
2021-07-29 06:19:16.000000 	209.000000	56.307328	-158.503773	487.240036	-0.037077	-0.011972	0.022499	0.342530	0.270550	0.634982	-0.158366	-0.019872	-0.002447	0.040291	0.283788	0.257918	0.668333
2021-07-29 06:19:17.000000 	210.000000	56.307328	-158.503773	487.240036	-0.033387	-0.007619	0.015780	0.400492	0.316319	0.742517	-0.192985	-0.019416	-0.005145	0.031911	0.331823	0.301556	0.781499
2021-07-29 06:19:18.000000 	211.000000	56.307328	-158.503773	487.240036	-0.033894	-0.018734	-0.024800	0.367772	0.290466	0.681935	-0.193575	-0.045709	0.005011	0.000669	0.304726	0.276913	0.717721
2021-07-29 06:19:19.000000 	212.000000	56.307328	-158.503773	487.240036	-0.020564	-0.021046	-0.001768	0.382146	0.301808	0.708672	-0.194490	-0.023317	0.012046	0.013421	0.316650	0.287730	0.745844
2021-07-29 06:19:20.000000 	213.000000	56.307328	-158.503773	487.240036	-0.028865	-0.014354	0.000211	0.361312	0.285343	0.670114	-0.180636	-0.026605	0.002778	0.017992	0.299398	0.272038	0.705249
2021-07-29 06:19:21.000000 	214.000000	56.307328	-158.503773	487.240036	-0.032694	-0.000017	0.003759	0.368900	0.291325	0.684269	-0.182199	-0.023230	-0.011964	0.020006	0.305699	0.277746	0.720130
2021-07-29 06:19:22.000000 	215.000000	56.307328	-158.503773	487.240036	-0.026982	-0.021649	0.016577	0.296194	0.233899	0.549471	-0.139204	-0.018293	0.010256	0.032120	0.245460	0.223000	0.578255
2021-07-29 06:19:23.000000 	216.000000	56.307328	-158.503773	487.240036	-0.031240	-0.021496	-0.018206	0.342151	0.270181	0.634802	-0.177838	-0.040838	0.008553	0.005346	0.283557	0.257596	0.668041
2021-07-29 06:19:24.000000 	217.000000	56.307328	-158.503773	487.240036	-0.014022	-0.007852	-0.010138	0.361077	0.285116	0.669994	-0.189489	-0.018873	0.002168	0.000398	0.299254	0.271839	0.705061
2021-07-29 06:19:25.000000 	218.000000	56.307328	-158.503773	487.240036	-0.025850	-0.021951	-0.000182	0.336515	0.265711	0.624491	-0.168320	-0.026805	0.010952	0.017653	0.278909	0.253342	0.657162
2021-07-29 06:19:26.000000 	219.000000	56.307328	-158.503773	487.240036	-0.036450	-0.011655	0.023265	0.343412	0.271147	0.637366	-0.158591	-0.018865	-0.002513	0.040540	0.284638	0.258529	0.670695
2021-07-29 06:19:27.000000 	220.000000	56.307328	-158.503773	487.240036	-0.025905	-0.020640	-0.004047	0.336884	0.265983	0.625324	-0.170301	-0.028592	0.009712	0.014199	0.279239	0.253609	0.658009
2021-07-29 06:19:28.000000 	221.000000	56.307328	-158.503773	487.240036	-0.030006	-0.012837	-0.024301	0.410085	0.323767	0.761289	-0.216878	-0.040624	0.000949	-0.002122	0.339929	0.308710	0.801064
2021-07-29 06:19:29.000000 	222.000000	56.307328	-158.503773	487.240036	-0.021628	-0.016370	-0.001303	0.322422	0.254546	0.598619	-0.162837	-0.022457	0.007306	0.013407	0.267273	0.242712	0.629881
2021-07-29 06:19:30.000000 	223.000000	56.307328	-158.503773	487.240036	-0.031196	-0.006872	0.007495	0.418402	0.330309	0.776911	-0.206677	-0.022088	-0.005038	0.023735	0.346852	0.314958	0.817466
2021-07-29 06:19:31.000000 	224.000000	56.307328	-158.503773	487.240036	-0.038352	-0.025344	0.016643	0.347256	0.274133	0.644879	-0.162523	-0.028185	0.009528	0.038794	0.287885	0.261396	0.678527
2021-07-29 06:19:32.000000 	225.000000	56.307328	-158.503773	487.240036	-0.017269	-0.015176	-0.024979	0.367547	0.290141	0.682642	-0.198427	-0.031853	0.007792	-0.008785	0.304720	0.276665	0.718244
2021-07-29 06:19:33.000000 	226.000000	56.307328	-158.503773	487.240036	-0.041622	-0.025544	0.018961	0.375777	0.296627	0.698009	-0.175477	-0.029491	0.008515	0.042452	0.311556	0.282854	0.734397
2021-07-29 06:19:34.000000 	227.000000	56.307328	-158.503773	487.240036	-0.037349	-0.012804	-0.018847	0.341552	0.269601	0.634510	-0.176138	-0.043273	-0.001773	0.006199	0.283192	0.257087	0.667573
2021-07-29 06:19:35.000000 	228.000000	56.307328	-158.503773	487.240036	-0.015247	-0.019970	0.013183	0.369609	0.291736	0.686712	-0.182284	-0.010579	0.012994	0.022898	0.306468	0.278200	0.722480
2021-07-29 06:19:36.000000 	229.000000	56.307328	-158.503773	487.240036	-0.037010	-0.010629	0.006872	0.396458	0.312917	0.736682	-0.193670	-0.028080	-0.003672	0.026981	0.328744	0.298403	0.775036
2021-07-29 06:19:37.000000 	230.000000	56.307328	-158.503773	487.240036	-0.022390	-0.008021	-0.009966	0.318869	0.251669	0.592579	-0.164909	-0.025307	-0.000742	0.004895	0.264418	0.239999	0.623417
2021-07-29 06:19:38.000000 	231.000000	56.307328	-158.503773	487.240036	-0.045708	-0.019856	0.002128	0.300705	0.237324	0.558890	-0.142435	-0.040259	0.001726	0.029399	0.249367	0.226323	0.587961
2021-07-29 06:19:39.000000 	232.000000	56.307328	-158.503773	487.240036	-0.012322	-0.014037	-0.030536	0.347363	0.274138	0.645683	-0.191712	-0.030758	0.008546	-0.016193	0.288071	0.261435	0.679254
2021-07-29 06:19:40.000000 	233.000000	56.307328	-158.503773	487.240036	-0.033471	-0.016544	0.027080	0.335562	0.264815	0.623821	-0.153289	-0.015933	0.003128	0.043170	0.278297	0.252548	0.656241
2021-07-29 06:19:41.000000 	234.000000	56.307328	-158.503773	487.240036	-0.024145	-0.023583	-0.012181	0.385436	0.304163	0.716622	-0.199694	-0.032639	0.013095	0.007121	0.319673	0.290078	0.753848
2021-07-29 06:19:42.000000 	235.000000	56.307328	-158.503773	487.240036	-0.022533	-0.019415	-0.006989	0.359367	0.283581	0.668233	-0.184307	-0.027241	0.009807	0.009762	0.298065	0.270453	0.702930
2021-07-29 06:19:43.000000 	236.000000	56.307328	-158.503773	487.240036	-0.033813	-0.019266	0.015697	0.389868	0.307639	0.725033	-0.186767	-0.023343	0.005535	0.034430	0.323377	0.293402	0.762663
2021-07-29 06:19:44.000000 	237.000000	56.307328	-158.503773	487.240036	-0.032984	-0.012254	-0.005111	0.327675	0.258554	0.609445	-0.164067	-0.032106	-0.000685	0.015264	0.271803	0.246593	0.641062
2021-07-29 06:19:45.000000 	238.000000	56.307328	-158.503773	487.240036	-0.029474	-0.014235	-0.004685	0.329868	0.260275	0.613595	-0.166005	-0.029756	0.002445	0.014209	0.273633	0.248238	0.645412
2021-07-29 06:19:46.000000 	239.000000	56.307328	-158.503773	487.240036	-0.026195	-0.014914	0.013504	0.377987	0.298232	0.703185	-0.183789	-0.017334	0.004278	0.027788	0.313563	0.284444	0.739632
2021-07-29 06:19:47.000000 	240.000000	56.307328	-158.503773	487.240036	-0.029133	-0.017270	-0.002220	0.348615	0.275048	0.648620	-0.174700	-0.029050	0.005393	0.016700	0.289210	0.262336	0.682223
2021-07-29 06:19:48.000000 	241.000000	56.307328	-158.503773	487.240036	-0.023296	-0.009154	-0.006896	0.359912	0.283950	0.669716	-0.184646	-0.024651	-0.000019	0.008147	0.298594	0.270831	0.704397
2021-07-29 06:19:49.000000 	242.000000	56.307328	-158.503773	487.240036	-0.038145	-0.021845	-0.004764	0.387240	0.305500	0.720652	-0.193279	-0.038833	0.006347	0.020165	0.321281	0.291390	0.757954
2021-07-29 06:19:50.000000 	243.000000	56.307328	-158.503773	487.240036	-0.044816	-0.020990	-0.005101	0.316400	0.249604	0.588887	-0.154071	-0.043924	0.003108	0.023154	0.262518	0.238079	0.619356
2021-07-29 06:19:51.000000 	244.000000	56.307328	-158.503773	487.240036	-0.026369	-0.015877	-0.006375	0.386374	0.304795	0.719208	-0.197165	-0.028790	0.005110	0.011533	0.320590	0.290726	0.756402
2021-07-29 06:19:52.000000 	245.000000	56.307328	-158.503773	487.240036	-0.014175	-0.008779	-0.018143	0.345981	0.272921	0.644094	-0.184972	-0.023715	0.002974	-0.005995	0.287087	0.260328	0.677390
2021-07-29 06:19:53.000000 	246.000000	56.307328	-158.503773	487.240036	-0.034371	-0.028334	0.011253	0.275743	0.217508	0.513397	-0.128201	-0.029005	0.013768	0.032863	0.228815	0.207475	0.539925
2021-07-29 06:19:54.000000 	247.000000	56.307328	-158.503773	487.240036	-0.024880	-0.010891	0.012116	0.402416	0.317416	0.749332	-0.197616	-0.015860	0.001017	0.025137	0.333944	0.302780	0.788033
2021-07-29 06:19:55.000000 	248.000000	56.307328	-158.503773	487.240036	-0.030102	-0.008692	-0.007186	0.363624	0.286808	0.677178	-0.184725	-0.029940	-0.002944	0.011325	0.301766	0.273588	0.712137
2021-07-29 06:19:56.000000 	249.000000	56.307328	-158.503773	487.240036	-0.015412	-0.019557	-0.019820	0.393755	0.310563	0.733376	-0.209964	-0.028889	0.012549	-0.004560	0.326785	0.296252	0.771219
2021-07-29 06:19:57.000000 	250.000000	56.307328	-158.503773	487.240036	-0.038246	-0.023443	0.015552	0.276111	0.217767	0.514323	-0.125549	-0.028128	0.007797	0.037446	0.229161	0.207736	0.540851
2021-07-29 06:19:58.000000 	251.000000	56.307328	-158.503773	487.240036	-0.022742	-0.011315	-0.015159	0.426739	0.336554	0.794996	-0.223362	-0.029465	0.002194	0.001426	0.354191	0.321056	0.835982
2021-07-29 06:19:59.000000 	252.000000	56.307328	-158.503773	487.240036	-0.039204	-0.020062	0.035220	0.392424	0.309480	0.731153	-0.177410	-0.016928	0.004301	0.053618	0.325724	0.295233	0.768830
2021-07-29 06:20:00.000000 	253.000000	56.307328	-158.503773	487.240036	-0.015717	-0.017738	-0.028591	0.366319	0.288883	0.682595	-0.199534	-0.033436	0.010744	-0.012070	0.304070	0.275589	0.717755
2021-07-29 06:20:01.000000 	254.000000	56.307328	-158.503773	487.240036	-0.037091	-0.016163	-0.007634	0.314494	0.248004	0.586093	-0.156755	-0.037877	0.001447	0.016079	0.261063	0.236595	0.616268
2021-07-29 06:20:02.000000 	255.000000	56.307328	-158.503773	487.240036	-0.037926	-0.012802	0.014608	0.376514	0.296902	0.701757	-0.179168	-0.025160	-0.001986	0.034332	0.312560	0.283248	0.737871
2021-07-29 06:20:03.000000 	256.000000	56.307328	-158.503773	487.240036	-0.039111	-0.013136	0.019227	0.388092	0.306021	0.723420	-0.182760	-0.023617	-0.002109	0.038855	0.322185	0.291952	0.760632
2021-07-29 06:20:04.000000 	257.000000	56.307328	-158.503773	487.240036	-0.010773	-0.013595	-0.028641	0.296542	0.233823	0.552831	-0.164538	-0.028373	0.008702	-0.015506	0.246193	0.223077	0.581256
2021-07-29 06:20:05.000000 	258.000000	56.307328	-158.503773	487.240036	-0.024016	-0.017912	-0.018210	0.341928	0.269600	0.637517	-0.179711	-0.034155	0.007866	0.000886	0.283886	0.257214	0.670281
2021-07-29 06:20:06.000000 	259.000000	56.307328	-158.503773	487.240036	-0.037345	-0.018536	0.007655	0.358387	0.282568	0.668283	-0.172780	-0.030316	0.003562	0.029413	0.297565	0.269590	0.702613
2021-07-29 06:20:07.000000 	260.000000	56.307328	-158.503773	487.240036	-0.024040	-0.011033	0.000971	0.332086	0.261822	0.619312	-0.166118	-0.021436	0.001456	0.015460	0.275740	0.249802	0.651112
2021-07-29 06:20:08.000000 	261.000000	56.307328	-158.503773	487.240036	-0.030536	-0.027880	-0.009096	0.415047	0.327219	0.774118	-0.211597	-0.037186	0.014751	0.013861	0.344639	0.312200	0.813848
2021-07-29 06:20:09.000000 	262.000000	56.307328	-158.503773	487.240036	-0.030668	-0.005228	-0.003293	0.323568	0.255089	0.603567	-0.161791	-0.027163	-0.006373	0.014152	0.268691	0.243385	0.634531
2021-07-29 06:20:10.000000 	263.000000	56.307328	-158.503773	487.240036	-0.035593	-0.029028	0.016793	0.396534	0.312602	0.739761	-0.188594	-0.027089	0.013966	0.038244	0.329296	0.298264	0.777694
2021-07-29 06:20:11.000000 	264.000000	56.307328	-158.503773	487.240036	-0.032370	-0.018478	-0.000591	0.296224	0.233515	0.552690	-0.145322	-0.031021	0.005331	0.019972	0.246006	0.222808	0.581018
2021-07-29 06:20:12.000000 	265.000000	56.307328	-158.503773	487.240036	-0.017321	-0.015440	-0.005291	0.423454	0.333800	0.790165	-0.218351	-0.021052	0.008019	0.007677	0.351683	0.318500	0.830647
2021-07-29 06:20:13.000000 	266.000000	56.307328	-158.503773	487.240036	-0.031581	-0.006706	-0.000064	0.314863	0.248191	0.587603	-0.155452	-0.026529	-0.005333	0.017611	0.261508	0.236819	0.617693
2021-07-29 06:20:14.000000 	267.000000	56.307328	-158.503773	487.240036	-0.027202	-0.019684	0.000206	0.377646	0.297670	0.704852	-0.189048	-0.026946	0.008347	0.018214	0.313667	0.284035	0.740930
2021-07-29 06:20:15.000000 	268.000000	56.307328	-158.503773	487.240036	-0.017662	-0.018101	-0.032539	0.320054	0.252266	0.597429	-0.176383	-0.037243	0.010369	-0.014278	0.265844	0.240714	0.627995
2021-07-29 06:20:16.000000 	269.000000	56.307328	-158.503773	487.240036	-0.044029	-0.018809	0.029114	0.411279	0.324158	0.767805	-0.188660	-0.023669	0.001367	0.050772	0.341633	0.309320	0.807070
2021-07-29 06:20:17.000000 	270.000000	56.307328	-158.503773	487.240036	-0.024599	-0.021768	-0.012638	0.269081	0.212074	0.502398	-0.138573	-0.032691	0.011239	0.006606	0.223525	0.202370	0.528078
2021-07-29 06:20:18.000000 	271.000000	56.307328	-158.503773	487.240036	-0.027705	-0.003309	-0.000006	0.429373	0.338396	0.801771	-0.216469	-0.022461	-0.007073	0.014967	0.356695	0.322916	0.842736
2021-07-29 06:20:19.000000 	272.000000	56.307328	-158.503773	487.240036	-0.034406	-0.028616	0.014551	0.311519	0.245504	0.581768	-0.145333	-0.027288	0.014018	0.035682	0.258801	0.234278	0.611479
2021-07-29 06:20:20.000000 	273.000000	56.307328	-158.503773	487.240036	-0.032432	-0.013120	-0.003903	0.369686	0.291335	0.690476	-0.185439	-0.031272	0.000323	0.016159	0.307138	0.278017	0.725723
2021-07-29 06:20:21.000000 	274.000000	56.307328	-158.503773	487.240036	-0.022990	-0.009476	-0.010036	0.366662	0.288942	0.684909	-0.189436	-0.026254	0.000392	0.005442	0.304640	0.275738	0.719856
2021-07-29 06:20:22.000000 	275.000000	56.307328	-158.503773	487.240036	-0.015815	-0.028282	-0.016231	0.318320	0.250838	0.594676	-0.168107	-0.029869	0.020519	0.000407	0.264487	0.239379	0.625005
2021-07-29 06:20:23.000000 	276.000000	56.307328	-158.503773	487.240036	-0.054829	-0.011603	0.023307	0.383571	0.302246	0.716660	-0.173693	-0.033054	-0.009296	0.050051	0.318717	0.288443	0.753194
2021-07-29 06:20:24.000000 	277.000000	56.307328	-158.503773	487.240036	-0.020662	-0.019485	-0.015236	0.402243	0.316949	0.751634	-0.210676	-0.030388	0.010558	0.001949	0.334248	0.302479	0.789933
2021-07-29 06:20:25.000000 	278.000000	56.307328	-158.503773	487.240036	-0.015114	-0.012900	-0.020788	0.325136	0.256183	0.607622	-0.174664	-0.027165	0.006464	-0.006873	0.270187	0.244492	0.638569
2021-07-29 06:20:26.000000 	279.000000	56.307328	-158.503773	487.240036	-0.050508	-0.025737	0.021030	0.325717	0.256632	0.608778	-0.145127	-0.035282	0.005439	0.048799	0.270682	0.244924	0.639770
2021-07-29 06:20:27.000000 	280.000000	56.307328	-158.503773	487.240036	-0.018611	-0.002281	-0.016519	0.376701	0.296792	0.704151	-0.198956	-0.024267	-0.004697	-0.003674	0.313066	0.283257	0.739982
2021-07-29 06:20:28.000000 	281.000000	56.307328	-158.503773	487.240036	-0.029234	-0.021609	0.001012	0.361236	0.284598	0.675321	-0.179341	-0.028658	0.009393	0.020324	0.300227	0.271623	0.709669
2021-07-29 06:20:29.000000 	282.000000	56.307328	-158.503773	487.240036	-0.030021	-0.018060	0.007308	0.335429	0.264257	0.627149	-0.162890	-0.024693	0.005803	0.025247	0.278792	0.252214	0.659033
2021-07-29 06:20:30.000000 	283.000000	56.307328	-158.503773	487.240036	-0.037741	-0.015965	0.009149	0.385094	0.303374	0.720091	-0.185886	-0.029010	0.001025	0.030337	0.320085	0.289552	0.756683
2021-07-29 06:20:31.000000 	284.000000	56.307328	-158.503773	487.240036	-0.014520	-0.010382	-0.007016	0.302131	0.238008	0.565023	-0.156612	-0.018298	0.004339	0.003768	0.251139	0.227168	0.593722
2021-07-29 06:20:32.000000 	285.000000	56.307328	-158.503773	487.240036	-0.016067	-0.021886	-0.022441	0.305517	0.240667	0.571421	-0.164441	-0.031560	0.014476	-0.005929	0.253965	0.229710	0.600432
2021-07-29 06:20:33.000000 	286.000000	56.307328	-158.503773	487.240036	-0.047484	-0.025147	0.032019	0.388605	0.306108	0.726909	-0.174060	-0.026664	0.005998	0.056261	0.323048	0.292176	0.763797
2021-07-29 06:20:34.000000 	287.000000	56.307328	-158.503773	487.240036	-0.036317	-0.014065	0.000718	0.367362	0.289366	0.687253	-0.180865	-0.032004	-0.000222	0.022201	0.305403	0.276200	0.722113
2021-07-29 06:20:35.000000 	288.000000	56.307328	-158.503773	487.240036	-0.021824	-0.013019	-0.018738	0.354903	0.279542	0.664021	-0.187343	-0.031259	0.004116	-0.001679	0.295058	0.266828	0.697688
2021-07-29 06:20:36.000000 	289.000000	56.307328	-158.503773	487.240036	-0.030919	-0.022329	-0.002837	0.343971	0.270922	0.643642	-0.171476	-0.032317	0.009446	0.018138	0.285983	0.258604	0.676260
2021-07-29 06:20:37.000000 	290.000000	56.307328	-158.503773	487.240036	-0.026531	-0.011681	-0.003465	0.387970	0.305566	0.726057	-0.196410	-0.026023	0.001147	0.013186	0.322579	0.291678	0.762835
2021-07-29 06:20:38.000000 	291.000000	56.307328	-158.503773	487.240036	-0.038085	-0.017812	-0.003456	0.326207	0.256914	0.610544	-0.160460	-0.036831	0.002617	0.020403	0.271239	0.245240	0.641456
2021-07-29 06:20:39.000000 	292.000000	56.307328	-158.503773	487.240036	-0.036728	-0.009648	0.020481	0.416471	0.327993	0.779577	-0.197501	-0.020013	-0.004481	0.037959	0.346309	0.313095	0.819029
2021-07-29 06:20:40.000000 	293.000000	56.307328	-158.503773	487.240036	-0.018947	-0.013996	-0.025961	0.269612	0.212326	0.504735	-0.146668	-0.033337	0.006079	-0.008976	0.224201	0.202685	0.530267
2021-07-29 06:20:41.000000 	294.000000	56.307328	-158.503773	487.240036	-0.032431	-0.029141	-0.015101	0.445885	0.351133	0.834827	-0.229582	-0.042368	0.015230	0.010098	0.370801	0.335195	0.877037
2021-07-29 06:20:42.000000 	295.000000	56.307328	-158.503773	487.240036	-0.037522	-0.013587	0.015913	0.381998	0.300812	0.715295	-0.181230	-0.024362	-0.001108	0.035369	0.317687	0.287163	0.751445
2021-07-29 06:20:43.000000 	296.000000	56.307328	-158.503773	487.240036	-0.017316	-0.015489	-0.014971	0.281111	0.221359	0.526444	-0.148204	-0.026433	0.008066	-0.000370	0.233796	0.211318	0.553038
2021-07-29 06:20:44.000000 	297.000000	56.307328	-158.503773	487.240036	-0.016907	-0.010505	-0.019270	0.358031	0.281920	0.670573	-0.190619	-0.026982	0.003579	-0.005171	0.297783	0.269137	0.704432
2021-07-29 06:20:45.000000 	298.000000	56.307328	-158.503773	487.240036	-0.031022	-0.019402	0.012833	0.333266	0.262411	0.624262	-0.158785	-0.022812	0.006685	0.030633	0.277199	0.250516	0.655768
2021-07-29 06:20:46.000000 	299.000000	56.307328	-158.503773	487.240036	-0.042483	-0.022572	0.014067	0.411286	0.323833	0.770494	-0.195613	-0.031967	0.005434	0.038221	0.342109	0.309159	0.809363
2021-07-29 06:20:47.000000 	300.000000	56.307328	-158.503773	487.240036	-0.023298	-0.010784	0.000534	0.290605	0.228805	0.544477	-0.144609	-0.021028	0.001496	0.014662	0.241737	0.218441	0.571931
2021-07-29 06:20:48.000000 	301.000000	56.307328	-158.503773	487.240036	-0.026306	-0.017696	-0.013020	0.331673	0.261131	0.621493	-0.171078	-0.032983	0.006826	0.006343	0.275912	0.249306	0.652816
2021-07-29 06:20:49.000000 	302.000000	56.307328	-158.503773	487.240036	-0.041025	-0.016159	0.028147	0.357449	0.281414	0.669868	-0.161634	-0.021072	0.000002	0.047879	0.297368	0.268676	0.703614
2021-07-29 06:20:50.000000 	303.000000	56.307328	-158.503773	487.240036	-0.018787	-0.024798	-0.006320	0.354623	0.279181	0.664651	-0.181801	-0.025610	0.016189	0.009480	0.295031	0.266548	0.698118
2021-07-29 06:20:51.000000 	304.000000	56.307328	-158.503773	487.240036	-0.020603	-0.015159	-0.026730	0.409083	0.322044	0.766810	-0.219411	-0.035400	0.006555	-0.008525	0.340355	0.307476	0.805403
2021-07-29 06:20:52.000000 	305.000000	56.307328	-158.503773	487.240036	-0.033990	-0.012127	0.003022	0.290144	0.228403	0.543926	-0.140010	-0.028335	-0.001172	0.022523	0.241410	0.218075	0.571289
2021-07-29 06:20:53.000000 	306.000000	56.307328	-158.503773	487.240036	-0.018300	-0.011227	-0.030344	0.343794	0.270628	0.644577	-0.187670	-0.034422	0.003740	-0.013519	0.286062	0.258395	0.676989
2021-07-29 06:20:54.000000 	307.000000	56.307328	-158.503773	487.240036	-0.041305	-0.008766	0.025666	0.365172	0.287447	0.684737	-0.166905	-0.020411	-0.006979	0.044456	0.303865	0.274458	0.719153
2021-07-29 06:20:55.000000 	308.000000	56.307328	-158.503773	487.240036	-0.032889	-0.021341	0.000081	0.353859	0.278533	0.663602	-0.174679	-0.031922	0.007804	0.021381	0.294465	0.265951	0.696940
2021-07-29 06:20:56.000000 	309.000000	56.307328	-158.503773	487.240036	-0.026756	-0.013596	-0.011869	0.341943	0.269144	0.641328	-0.175900	-0.031443	0.002846	0.006699	0.284562	0.256990	0.673532
2021-07-29 06:20:57.000000 	310.000000	56.307328	-158.503773	487.240036	-0.027547	-0.024228	0.006884	0.348969	0.274666	0.654581	-0.170389	-0.024894	0.012448	0.024871	0.290423	0.262266	0.687436
2021-07-29 06:20:58.000000 	311.000000	56.307328	-158.503773	487.240036	-0.020356	-0.019311	-0.005234	0.355610	0.279884	0.667116	-0.181608	-0.024550	0.010509	0.010078	0.295964	0.267253	0.700584
2021-07-29 06:20:59.000000 	312.000000	56.307328	-158.503773	487.240036	-0.043051	-0.015446	-0.005783	0.291035	0.229052	0.546038	-0.141327	-0.041245	-0.001404	0.020549	0.242232	0.218719	0.573419
2021-07-29 06:21:00.000000 	313.000000	56.307328	-158.503773	487.240036	-0.017214	-0.016799	-0.000779	0.392987	0.309280	0.737403	-0.199977	-0.018880	0.009323	0.011652	0.327102	0.295333	0.774363
2021-07-29 06:21:01.000000 	314.000000	56.307328	-158.503773	487.240036	-0.018080	-0.008562	-0.013687	0.419300	0.329978	0.786868	-0.219648	-0.024200	0.001341	-0.000316	0.349021	0.315102	0.826289
2021-07-29 06:21:02.000000 	315.000000	56.307328	-158.503773	487.240036	-0.047888	-0.020057	0.014914	0.330326	0.259949	0.619969	-0.151129	-0.034914	0.001114	0.041204	0.274973	0.248234	0.651015
2021-07-29 06:21:03.000000 	316.000000	56.307328	-158.503773	487.240036	-0.018738	-0.007570	0.007246	0.320591	0.252280	0.601766	-0.158434	-0.012794	0.000177	0.017239	0.266882	0.240914	0.631887
2021-07-29 06:21:04.000000 	317.000000	56.307328	-158.503773	487.240036	-0.031332	-0.024055	-0.007594	0.381101	0.299886	0.715429	-0.192667	-0.035802	0.010900	0.014744	0.317269	0.286381	0.751222
2021-07-29 06:21:05.000000 	318.000000	56.307328	-158.503773	487.240036	-0.029384	-0.019592	-0.013474	0.308819	0.243000	0.579803	-0.158210	-0.036196	0.007462	0.007939	0.257106	0.232060	0.608797
2021-07-29 06:21:06.000000 	319.000000	56.307328	-158.503773	487.240036	-0.029324	-0.013179	-0.005753	0.366796	0.288611	0.688734	-0.185339	-0.029911	0.001517	0.013028	0.305390	0.275623	0.723160
2021-07-29 06:21:07.000000 	320.000000	56.307328	-158.503773	487.240036	-0.012797	-0.017804	-0.008262	0.307545	0.241982	0.577544	-0.159960	-0.019918	0.011876	0.003350	0.256070	0.231095	0.606399
2021-07-29 06:21:08.000000 	321.000000	56.307328	-158.503773	487.240036	-0.044572	-0.019964	0.022407	0.381776	0.300379	0.717028	-0.175687	-0.028162	0.002242	0.045707	0.317893	0.286870	0.752834
2021-07-29 06:21:09.000000 	322.000000	56.307328	-158.503773	487.240036	-0.018673	-0.011228	-0.029016	0.341393	0.268597	0.641257	-0.185617	-0.033976	0.003605	-0.012221	0.284281	0.256522	0.673265
2021-07-29 06:21:10.000000 	323.000000	56.307328	-158.503773	487.240036	-0.036104	-0.028030	-0.002169	0.336111	0.264433	0.631408	-0.165019	-0.037699	0.012851	0.022529	0.279896	0.252549	0.662910
2021-07-29 06:21:11.000000 	324.000000	56.307328	-158.503773	487.240036	-0.036072	-0.011831	0.019147	0.346129	0.272305	0.650302	-0.161270	-0.020911	-0.002210	0.036954	0.288252	0.260072	0.682731
2021-07-29 06:21:12.000000 	325.000000	56.307328	-158.503773	487.240036	-0.014411	-0.003935	-0.040256	0.363092	0.285641	0.682251	-0.203335	-0.034687	-0.001620	-0.025256	0.302393	0.272813	0.716257
2021-07-29 06:21:13.000000 	326.000000	56.307328	-158.503773	487.240036	-0.034900	-0.027736	0.019097	0.328635	0.258525	0.617576	-0.151791	-0.024881	0.013018	0.039541	0.273709	0.246919	0.648345
2021-07-29 06:21:14.000000 	327.000000	56.307328	-158.503773	487.240036	-0.026377	-0.004466	0.006715	0.395253	0.310922	0.742852	-0.195496	-0.018056	-0.005510	0.020109	0.329210	0.296968	0.779845
2021-07-29 06:21:15.000000 	328.000000	56.307328	-158.503773	487.240036	-0.030004	-0.032723	0.002206	0.310599	0.244321	0.583816	-0.151129	-0.031981	0.019452	0.023974	0.258713	0.233360	0.612876
2021-07-29 06:21:16.000000 	329.000000	56.307328	-158.503773	487.240036	-0.024326	-0.011092	-0.017754	0.377578	0.296998	0.709795	-0.197809	-0.032063	0.001407	0.000039	0.314518	0.283678	0.745109
2021-07-29 06:21:17.000000 	330.000000	56.307328	-158.503773	487.240036	-0.027272	-0.015198	0.000840	0.290793	0.228727	0.546715	-0.143101	-0.025280	0.004147	0.017865	0.242239	0.218473	0.573902
2021-07-29 06:21:18.000000 	331.000000	56.307328	-158.503773	487.240036	-0.028301	-0.018282	-0.016225	0.453314	0.356548	0.852364	-0.235278	-0.036484	0.006639	0.004825	0.377642	0.340568	0.894731
2021-07-29 06:21:19.000000 	332.000000	56.307328	-158.503773	487.240036	-0.032407	-0.018016	0.007326	0.254222	0.199949	0.478068	-0.119363	-0.026517	0.004888	0.026484	0.211795	0.190991	0.501819
