2021-07-29 06:12:43.000000 	-184.000000	59.108168	-159.091509	657.008028	-0.021155	-0.002830	0.010125	0.300205	0.240668	0.442314	-0.162704	-0.012627	-0.004906	0.019353	0.218495	0.214004	0.500148
2021-07-29 06:12:44.000000 	-183.000000	59.108168	-159.091509	657.008028	-0.037135	-0.006130	0.016879	0.309029	0.247748	0.455325	-0.160195	-0.022980	-0.007526	0.033418	0.224918	0.220296	0.514860
2021-07-29 06:12:45.000000 	-182.000000	59.108168	-159.091509	657.008028	-0.040846	-0.014683	0.026560	0.321480	0.257738	0.473682	-0.161660	-0.023604	-0.000861	0.045073	0.233981	0.229174	0.535616
2021-07-29 06:12:46.000000 	-181.000000	59.108168	-159.091509	657.008028	-0.026109	-0.009287	0.020202	0.328247	0.263171	0.483665	-0.172879	-0.013402	-0.000642	0.031560	0.238907	0.234001	0.546904
2021-07-29 06:12:47.000000 	-180.000000	59.108168	-159.091509	657.008028	-0.040414	-0.004758	0.019626	0.306693	0.245897	0.451916	-0.156934	-0.023777	-0.009978	0.037096	0.223220	0.218637	0.511003
2021-07-29 06:12:48.000000 	-179.000000	59.108168	-159.091509	657.008028	-0.032087	-0.018923	0.032061	0.344844	0.276494	0.508145	-0.175038	-0.015056	0.006226	0.046369	0.250989	0.245837	0.574583
2021-07-29 06:12:49.000000 	-178.000000	59.108168	-159.091509	657.008028	-0.025841	-0.007869	-0.004695	0.306711	0.245925	0.451964	-0.170171	-0.025535	-0.001871	0.009806	0.223235	0.218654	0.511056
2021-07-29 06:12:50.000000 	-177.000000	59.108168	-159.091509	657.008028	-0.040160	-0.010409	0.027252	0.338148	0.271140	0.498301	-0.171688	-0.021390	-0.004609	0.044554	0.246117	0.241067	0.563451
2021-07-29 06:12:51.000000 	-176.000000	59.108168	-159.091509	657.008028	-0.033475	-0.015385	0.022866	0.299693	0.240313	0.441644	-0.152600	-0.019806	0.002426	0.038496	0.218129	0.213655	0.499387
2021-07-29 06:12:52.000000 	-175.000000	59.108168	-159.091509	657.008028	-0.022583	-0.006663	0.007476	0.338171	0.271175	0.498360	-0.184791	-0.016306	-0.001835	0.018467	0.246136	0.241089	0.563517
2021-07-29 06:12:53.000000 	-174.000000	59.108168	-159.091509	657.008028	-0.043274	-0.011866	0.032011	0.297045	0.238203	0.437763	-0.145013	-0.021888	-0.004359	0.050399	0.216203	0.211771	0.494996
2021-07-29 06:12:54.000000 	-173.000000	59.108168	-159.091509	657.008028	-0.026701	-0.005415	0.013384	0.354172	0.284022	0.521964	-0.190701	-0.016191	-0.004471	0.025283	0.257784	0.252501	0.590206
2021-07-29 06:12:55.000000 	-172.000000	59.108168	-159.091509	657.008028	-0.031462	-0.006805	0.021326	0.281621	0.225847	0.415051	-0.144298	-0.016356	-0.004871	0.034637	0.204979	0.200779	0.469315
2021-07-29 06:12:56.000000 	-171.000000	59.108168	-159.091509	657.008028	-0.027056	-0.017411	0.025009	0.331943	0.266211	0.489228	-0.171946	-0.014181	0.006609	0.037627	0.241607	0.236658	0.553189
2021-07-29 06:12:57.000000 	-170.000000	59.108168	-159.091509	657.008028	-0.047270	-0.016652	0.037661	0.314060	0.251877	0.462882	-0.150938	-0.023657	-0.001314	0.058041	0.228592	0.223910	0.523399
2021-07-29 06:12:58.000000 	-169.000000	59.108168	-159.091509	657.008028	-0.025504	-0.000115	0.004740	0.313295	0.251271	0.461766	-0.171333	-0.018047	-0.008995	0.016321	0.228036	0.223367	0.522135
2021-07-29 06:12:59.000000 	-168.000000	59.108168	-159.091509	657.008028	-0.027868	-0.021143	0.018815	0.283003	0.226982	0.417128	-0.145425	-0.019155	0.009805	0.033386	0.205988	0.201772	0.471661
2021-07-29 06:13:00.000000 	-167.000000	59.108168	-159.091509	657.008028	-0.044122	-0.001635	0.032357	0.318924	0.255800	0.470084	-0.158255	-0.019258	-0.014219	0.049228	0.232135	0.227384	0.531540
2021-07-29 06:13:01.000000 	-166.000000	59.108168	-159.091509	657.008028	-0.028674	-0.011179	0.010744	0.318212	0.255236	0.469045	-0.169810	-0.020893	0.000210	0.025021	0.231617	0.226879	0.530365
2021-07-29 06:13:02.000000 	-165.000000	59.108168	-159.091509	657.008028	-0.029275	-0.007840	0.028531	0.395627	0.317340	0.583170	-0.207701	-0.011220	-0.003124	0.039961	0.287967	0.282077	0.659409
2021-07-29 06:13:03.000000 	-164.000000	59.108168	-159.091509	657.008028	-0.034375	-0.011638	0.014282	0.242375	0.194419	0.357278	-0.122914	-0.023787	-0.001396	0.030875	0.176419	0.172812	0.403985
2021-07-29 06:13:04.000000 	-163.000000	59.108168	-159.091509	657.008028	-0.025308	-0.013448	0.025020	0.357414	0.286706	0.526867	-0.187563	-0.011560	0.003531	0.036072	0.260155	0.254837	0.595745
2021-07-29 06:13:05.000000 	-162.000000	59.108168	-159.091509	657.008028	-0.047718	-0.020494	0.036346	0.355494	0.285174	0.524049	-0.174841	-0.025868	0.002115	0.057831	0.258759	0.253470	0.592557
2021-07-29 06:13:06.000000 	-161.000000	59.108168	-159.091509	657.008028	-0.026643	-0.002347	0.006748	0.227504	0.182507	0.335382	-0.120518	-0.018613	-0.007315	0.018999	0.165598	0.162214	0.379226
2021-07-29 06:13:07.000000 	-160.000000	59.108168	-159.091509	657.008028	-0.035504	-0.008423	0.023916	0.332053	0.266385	0.489516	-0.171049	-0.018761	-0.004802	0.039094	0.241699	0.236761	0.553509
2021-07-29 06:13:08.000000 	-159.000000	59.108168	-159.091509	657.008028	-0.033054	-0.011937	0.006392	0.355718	0.285379	0.524417	-0.191727	-0.026871	-0.000645	0.023526	0.258926	0.253638	0.592971
2021-07-29 06:13:09.000000 	-158.000000	59.108168	-159.091509	657.008028	-0.036701	-0.013212	0.040774	0.240469	0.192924	0.354519	-0.110672	-0.012533	-0.000756	0.055013	0.175037	0.171463	0.400863
2021-07-29 06:13:10.000000 	-157.000000	59.108168	-159.091509	657.008028	-0.037199	-0.008579	0.024695	0.321674	0.258082	0.474250	-0.164246	-0.019769	-0.005261	0.040605	0.234148	0.229368	0.536245
2021-07-29 06:13:11.000000 	-156.000000	59.108168	-159.091509	657.008028	-0.038001	-0.005368	0.030025	0.341284	0.273823	0.503172	-0.173574	-0.016691	-0.008547	0.044975	0.248423	0.243353	0.568948
2021-07-29 06:13:12.000000 	-155.000000	59.108168	-159.091509	657.008028	-0.016295	-0.009374	0.001515	0.321454	0.257921	0.473948	-0.178914	-0.015156	0.002941	0.010833	0.233990	0.229216	0.535902
2021-07-29 06:13:13.000000 	-154.000000	59.108168	-159.091509	657.008028	-0.046448	-0.019910	0.032237	0.300508	0.241122	0.443075	-0.145069	-0.026781	0.002023	0.053589	0.218744	0.214282	0.500994
2021-07-29 06:13:14.000000 	-153.000000	59.108168	-159.091509	657.008028	-0.017838	-0.001048	-0.000252	0.321981	0.258359	0.474747	-0.180360	-0.014750	-0.005387	0.008531	0.234376	0.229596	0.536805
2021-07-29 06:13:15.000000 	-152.000000	59.108168	-159.091509	657.008028	-0.043198	-0.009493	0.035565	0.327825	0.263056	0.483375	-0.161705	-0.019276	-0.006549	0.052978	0.238631	0.233766	0.546560
2021-07-29 06:13:16.000000 	-151.000000	59.108168	-159.091509	657.008028	-0.036233	-0.018914	0.023069	0.300616	0.241230	0.443265	-0.151838	-0.022994	0.004737	0.040640	0.218826	0.214366	0.501207
2021-07-29 06:13:17.000000 	-150.000000	59.108168	-159.091509	657.008028	-0.024875	0.000722	0.017298	0.362039	0.290527	0.533848	-0.194841	-0.010838	-0.009552	0.026642	0.263539	0.258168	0.603629
2021-07-29 06:13:18.000000 	-149.000000	59.108168	-159.091509	657.008028	-0.033022	-0.005190	0.011433	0.305130	0.244866	0.449942	-0.161370	-0.022191	-0.006937	0.026600	0.222114	0.217589	0.508755
2021-07-29 06:13:19.000000 	-148.000000	59.108168	-159.091509	657.008028	-0.036539	-0.020501	0.039455	0.263134	0.211171	0.388025	-0.123513	-0.015312	0.006111	0.055138	0.191545	0.187644	0.438744
2021-07-29 06:13:20.000000 	-147.000000	59.108168	-159.091509	657.008028	-0.038941	-0.010616	0.027643	0.340685	0.273415	0.502395	-0.173361	-0.020275	-0.003981	0.044344	0.247998	0.242948	0.568063
2021-07-29 06:13:21.000000 	-146.000000	59.108168	-159.091509	657.008028	-0.035835	-0.016877	0.025167	0.317586	0.254885	0.468343	-0.161199	-0.020974	0.002977	0.041876	0.231185	0.226479	0.529560
2021-07-29 06:13:22.000000 	-145.000000	59.108168	-159.091509	657.008028	-0.037617	-0.006723	0.026858	0.302850	0.243066	0.446622	-0.152612	-0.018424	-0.007145	0.042321	0.220459	0.215972	0.504999
2021-07-29 06:13:23.000000 	-144.000000	59.108168	-159.091509	657.008028	-0.021302	-0.009041	0.004387	0.325322	0.261110	0.479773	-0.178697	-0.017593	0.000844	0.015638	0.236819	0.232000	0.542483
2021-07-29 06:13:24.000000 	-143.000000	59.108168	-159.091509	657.008028	-0.039249	-0.008630	0.019497	0.318907	0.255968	0.470323	-0.164037	-0.024096	-0.005945	0.037137	0.232150	0.227428	0.531797
2021-07-29 06:13:25.000000 	-142.000000	59.108168	-159.091509	657.008028	-0.042170	-0.018755	0.047752	0.327280	0.262697	0.482683	-0.155899	-0.015032	0.002471	0.064639	0.238247	0.233402	0.545772
2021-07-29 06:13:26.000000 	-141.000000	59.108168	-159.091509	657.008028	-0.025029	-0.012044	-0.000280	0.323024	0.259288	0.476417	-0.177725	-0.023896	0.002319	0.013970	0.235150	0.230369	0.538686
2021-07-29 06:13:27.000000 	-140.000000	59.108168	-159.091509	657.008028	-0.043445	-0.009686	0.040331	0.304759	0.244635	0.449489	-0.146418	-0.017086	-0.006456	0.057222	0.221855	0.217346	0.508238
2021-07-29 06:13:28.000000 	-139.000000	59.108168	-159.091509	657.008028	-0.030062	-0.010207	0.022075	0.327510	0.262905	0.483056	-0.170543	-0.015891	-0.001194	0.035232	0.238419	0.233574	0.546191
2021-07-29 06:13:29.000000 	-138.000000	59.108168	-159.091509	657.008028	-0.045148	-0.011616	0.038239	0.340036	0.272968	0.501541	-0.166932	-0.020117	-0.005261	0.056596	0.247538	0.242509	0.567092
2021-07-29 06:13:30.000000 	-137.000000	59.108168	-159.091509	657.008028	-0.018224	-0.004651	-0.005733	0.316407	0.254007	0.466700	-0.178755	-0.018976	-0.002159	0.004673	0.230338	0.225660	0.527697
2021-07-29 06:13:31.000000 	-136.000000	59.108168	-159.091509	657.008028	-0.035019	-0.015145	0.038467	0.274974	0.220752	0.405596	-0.131833	-0.012960	0.001650	0.052580	0.200177	0.196112	0.458606
2021-07-29 06:13:32.000000 	-135.000000	59.108168	-159.091509	657.008028	-0.036621	-0.010343	0.018401	0.356178	0.285952	0.525387	-0.186583	-0.023076	-0.003407	0.035250	0.259294	0.254030	0.594053
2021-07-29 06:13:33.000000 	-134.000000	59.108168	-159.091509	657.008028	-0.032027	-0.005547	0.010956	0.256357	0.205818	0.378152	-0.133653	-0.021747	-0.006248	0.025779	0.186626	0.182838	0.427574
2021-07-29 06:13:34.000000 	-133.000000	59.108168	-159.091509	657.008028	-0.031613	-0.009860	0.020279	0.356498	0.286226	0.525883	-0.187549	-0.017950	-0.002071	0.034371	0.259530	0.254264	0.594612
2021-07-29 06:13:35.000000 	-132.000000	59.108168	-159.091509	657.008028	-0.047488	-0.015080	0.049766	0.311810	0.250354	0.459972	-0.145014	-0.017135	-0.002861	0.068245	0.226998	0.222393	0.520086
2021-07-29 06:13:36.000000 	-131.000000	59.108168	-159.091509	657.008028	-0.022447	-0.004562	0.003560	0.360801	0.289699	0.532255	-0.199621	-0.017563	-0.003749	0.014657	0.262666	0.257339	0.601815
2021-07-29 06:13:37.000000 	-130.000000	59.108168	-159.091509	657.008028	-0.033975	-0.007780	0.030738	0.292107	0.234549	0.430927	-0.145873	-0.013837	-0.004857	0.044098	0.212658	0.208346	0.487244
2021-07-29 06:13:38.000000 	-129.000000	59.108168	-159.091509	657.008028	-0.042105	-0.017370	0.025314	0.289610	0.232551	0.427253	-0.143057	-0.026076	0.001200	0.045099	0.210841	0.206567	0.483090
2021-07-29 06:13:39.000000 	-128.000000	59.108168	-159.091509	657.008028	-0.031153	-0.008868	0.033218	0.288996	0.232065	0.426356	-0.143799	-0.010634	-0.002834	0.045071	0.210395	0.206131	0.482075
2021-07-29 06:13:40.000000 	-127.000000	59.108168	-159.091509	657.008028	-0.030922	-0.005970	0.009183	0.339386	0.272537	0.500709	-0.182556	-0.021901	-0.005458	0.023804	0.247082	0.242075	0.566144
2021-07-29 06:13:41.000000 	-126.000000	59.108168	-159.091509	657.008028	-0.038036	-0.015297	0.026765	0.305670	0.245469	0.450976	-0.153257	-0.021434	0.000716	0.044014	0.222537	0.218029	0.509911
2021-07-29 06:13:42.000000 	-125.000000	59.108168	-159.091509	657.008028	-0.031803	-0.011262	0.023862	0.339820	0.272902	0.501372	-0.176349	-0.016692	-0.000829	0.037793	0.247401	0.242391	0.566892
2021-07-29 06:13:43.000000 	-124.000000	59.108168	-159.091509	657.008028	-0.039419	-0.016163	0.028804	0.268045	0.215268	0.395484	-0.130204	-0.021761	0.001031	0.046585	0.195148	0.191196	0.447166
2021-07-29 06:13:44.000000 	-123.000000	59.108168	-159.091509	657.008028	-0.017647	-0.004090	0.008711	0.328612	0.263917	0.484858	-0.180502	-0.010927	-0.002477	0.016688	0.239245	0.234401	0.548218
2021-07-29 06:13:45.000000 	-122.000000	59.108168	-159.091509	657.008028	-0.041455	-0.010880	0.023234	0.318692	0.255958	0.470231	-0.161602	-0.024635	-0.004631	0.041814	0.232024	0.227328	0.531680
2021-07-29 06:13:46.000000 	-121.000000	59.108168	-159.091509	657.008028	-0.038728	-0.009840	0.029151	0.303479	0.243747	0.447795	-0.151462	-0.019092	-0.004629	0.045393	0.220950	0.216479	0.506311
2021-07-29 06:13:47.000000 	-120.000000	59.108168	-159.091509	657.008028	-0.030717	-0.011457	0.019760	0.345482	0.277491	0.509783	-0.181498	-0.017987	-0.000260	0.033788	0.251532	0.246444	0.576399
2021-07-29 06:13:48.000000 	-119.000000	59.108168	-159.091509	657.008028	-0.041561	-0.016363	0.033511	0.262301	0.210687	0.387053	-0.124389	-0.021123	0.000453	0.051688	0.190972	0.187110	0.437630
2021-07-29 06:13:49.000000 	-118.000000	59.108168	-159.091509	657.008028	-0.031816	-0.001556	0.031125	0.311734	0.250400	0.460006	-0.158269	-0.010001	-0.009901	0.042254	0.226964	0.222375	0.520115
2021-07-29 06:13:50.000000 	-117.000000	59.108168	-159.091509	657.008028	-0.035974	-0.014498	0.033486	0.323751	0.260061	0.477749	-0.161782	-0.016085	0.000705	0.048646	0.235715	0.230950	0.540177
2021-07-29 06:13:51.000000 	-116.000000	59.108168	-159.091509	657.008028	-0.029470	-0.005189	0.010618	0.304856	0.244890	0.449876	-0.162611	-0.019762	-0.005669	0.024196	0.221959	0.217473	0.508661
2021-07-29 06:13:52.000000 	-115.000000	59.108168	-159.091509	657.008028	-0.031021	-0.008535	0.024277	0.366499	0.294417	0.540855	-0.192088	-0.015017	-0.003097	0.037275	0.266842	0.261451	0.611528
2021-07-29 06:13:53.000000 	-114.000000	59.108168	-159.091509	657.008028	-0.035224	-0.018099	0.019966	0.267537	0.214925	0.394822	-0.134331	-0.023529	0.004337	0.037344	0.194791	0.190856	0.446412
2021-07-29 06:13:54.000000 	-113.000000	59.108168	-159.091509	657.008028	-0.040049	-0.008452	0.030783	0.306428	0.246176	0.452227	-0.152287	-0.018888	-0.006397	0.047172	0.223109	0.218603	0.511317
2021-07-29 06:13:55.000000 	-112.000000	59.108168	-159.091509	657.008028	-0.033624	-0.013286	0.023056	0.332988	0.267521	0.491435	-0.171992	-0.019186	0.000411	0.038346	0.242449	0.237554	0.555648
2021-07-29 06:13:56.000000 	-111.000000	59.108168	-159.091509	657.008028	-0.033219	-0.005521	0.026600	0.275949	0.221703	0.407264	-0.138629	-0.014663	-0.006698	0.039770	0.200920	0.196864	0.460478
2021-07-29 06:13:57.000000 	-110.000000	59.108168	-159.091509	657.008028	-0.038096	-0.011995	0.021662	0.341796	0.274614	0.504456	-0.176450	-0.023090	-0.002390	0.039058	0.248865	0.243843	0.570369
2021-07-29 06:13:58.000000 	-109.000000	59.108168	-159.091509	657.008028	-0.029511	-0.013005	0.040653	0.272711	0.219115	0.402503	-0.131463	-0.006767	0.001617	0.051422	0.198565	0.194559	0.455094
2021-07-29 06:13:59.000000 	-108.000000	59.108168	-159.091509	657.008028	-0.043052	-0.004648	0.006308	0.354997	0.285238	0.523963	-0.189135	-0.032697	-0.011022	0.026913	0.258480	0.253267	0.592422
2021-07-29 06:14:00.000000 	-107.000000	59.108168	-159.091509	657.008028	-0.026263	-0.018057	0.035284	0.257764	0.207118	0.380459	-0.125296	-0.008467	0.007496	0.046183	0.187685	0.183900	0.430168
2021-07-29 06:14:01.000000 	-106.000000	59.108168	-159.091509	657.008028	-0.030382	-0.008710	0.022175	0.369900	0.297231	0.545983	-0.195042	-0.015638	-0.002706	0.035197	0.269336	0.263906	0.617319
2021-07-29 06:14:02.000000 	-105.000000	59.108168	-159.091509	657.008028	-0.038458	-0.011623	0.021342	0.305034	0.245116	0.450249	-0.155277	-0.023432	-0.002867	0.038889	0.222106	0.217629	0.509075
2021-07-29 06:14:03.000000 	-104.000000	59.108168	-159.091509	657.008028	-0.029724	-0.008004	0.030172	0.335938	0.269958	0.495877	-0.172593	-0.010788	-0.003131	0.041614	0.244611	0.239682	0.560664
2021-07-29 06:14:04.000000 	-103.000000	59.108168	-159.091509	657.008028	-0.044950	-0.011614	0.029723	0.348615	0.280154	0.514601	-0.175297	-0.024329	-0.005192	0.049193	0.253844	0.248729	0.581833
2021-07-29 06:14:05.000000 	-102.000000	59.108168	-159.091509	657.008028	-0.020124	0.001159	0.005741	0.270757	0.217592	0.399681	-0.148171	-0.012829	-0.008264	0.014366	0.197152	0.193181	0.451898
2021-07-29 06:14:06.000000 	-101.000000	59.108168	-159.091509	657.008028	-0.043349	-0.021896	0.027569	0.291943	0.234625	0.430964	-0.142644	-0.027301	0.004984	0.048460	0.212581	0.208300	0.487269
2021-07-29 06:14:07.000000 	-100.000000	59.108168	-159.091509	657.008028	-0.026443	-0.008636	0.031490	0.348506	0.280092	0.514473	-0.180158	-0.007675	-0.001370	0.041287	0.253770	0.248661	0.581687
2021-07-29 06:14:08.000000 	-99.000000	59.108168	-159.091509	657.008028	-0.038498	-0.003133	0.015746	0.284490	0.228650	0.419980	-0.146378	-0.023737	-0.010812	0.032551	0.207157	0.202987	0.474848
2021-07-29 06:14:09.000000 	-98.000000	59.108168	-159.091509	657.008028	-0.027365	-0.012377	0.037255	0.341860	0.274768	0.504685	-0.173382	-0.006600	0.001796	0.047362	0.248934	0.243925	0.570618
2021-07-29 06:14:10.000000 	-97.000000	59.108168	-159.091509	657.008028	-0.036409	-0.012606	0.031304	0.288570	0.231943	0.426022	-0.142428	-0.016975	-0.001218	0.046635	0.210131	0.205904	0.481678
2021-07-29 06:14:11.000000 	-96.000000	59.108168	-159.091509	657.008028	-0.022748	-0.010754	0.007957	0.307691	0.247319	0.454260	-0.166625	-0.017443	0.001928	0.019709	0.224056	0.219550	0.513604
2021-07-29 06:14:12.000000 	-95.000000	59.108168	-159.091509	657.008028	-0.039930	-0.000988	0.031853	0.312735	0.251382	0.461718	-0.156263	-0.015958	-0.013327	0.046666	0.227731	0.223152	0.522036
2021-07-29 06:14:13.000000 	-94.000000	59.108168	-159.091509	657.008028	-0.029868	-0.013197	0.028268	0.374108	0.300724	0.552340	-0.194762	-0.013472	0.001669	0.041001	0.272425	0.266948	0.624495
2021-07-29 06:14:14.000000 	-93.000000	59.108168	-159.091509	657.008028	-0.036753	-0.009092	0.017820	0.263450	0.211779	0.388971	-0.133374	-0.023098	-0.004623	0.034585	0.191845	0.187989	0.439784
2021-07-29 06:14:15.000000 	-92.000000	59.108168	-159.091509	657.008028	-0.040178	-0.012366	0.047355	0.344385	0.276849	0.508479	-0.167257	-0.011682	-0.002787	0.062173	0.250785	0.245746	0.574904
2021-07-29 06:14:16.000000 	-91.000000	59.108168	-159.091509	657.008028	-0.031052	-0.020399	0.015493	0.364017	0.292640	0.537476	-0.192719	-0.023185	0.007974	0.031926	0.265083	0.259757	0.607687
2021-07-29 06:14:17.000000 	-90.000000	59.108168	-159.091509	657.008028	-0.035380	-0.000581	0.022981	0.241257	0.193957	0.356227	-0.119792	-0.016741	-0.012084	0.036796	0.175689	0.172160	0.402761
2021-07-29 06:14:18.000000 	-89.000000	59.108168	-159.091509	657.008028	-0.027585	-0.012551	0.026436	0.325632	0.261798	0.480822	-0.168255	-0.012384	0.001880	0.038216	0.237135	0.232373	0.543631
2021-07-29 06:14:19.000000 	-88.000000	59.108168	-159.091509	657.008028	-0.045260	-0.005510	0.030152	0.319517	0.256890	0.471803	-0.158836	-0.022489	-0.011005	0.048592	0.232683	0.228012	0.533433
2021-07-29 06:14:20.000000 	-87.000000	59.108168	-159.091509	657.008028	-0.015454	-0.011350	0.005526	0.314449	0.252823	0.464329	-0.173419	-0.013027	0.005088	0.014233	0.228995	0.224398	0.524982
2021-07-29 06:14:21.000000 	-86.000000	59.108168	-159.091509	657.008028	-0.043759	-0.004637	0.045286	0.323795	0.260345	0.478140	-0.155901	-0.013248	-0.011284	0.060699	0.235802	0.231070	0.540596
2021-07-29 06:14:22.000000 	-85.000000	59.108168	-159.091509	657.008028	-0.030409	-0.018299	0.010906	0.323810	0.260366	0.478173	-0.171714	-0.024381	0.006242	0.027296	0.235816	0.231085	0.540633
2021-07-29 06:14:23.000000 	-84.000000	59.108168	-159.091509	657.008028	-0.030884	-0.012200	0.034776	0.331344	0.266432	0.489309	-0.167384	-0.010639	0.000375	0.046890	0.241304	0.236464	0.553222
2021-07-29 06:14:24.000000 	-83.000000	59.108168	-159.091509	657.008028	-0.028885	-0.002043	0.014270	0.327944	0.263707	0.484299	-0.175051	-0.016454	-0.008400	0.026474	0.238830	0.234041	0.547557
2021-07-29 06:14:25.000000 	-82.000000	59.108168	-159.091509	657.008028	-0.043404	-0.014363	0.044659	0.294621	0.236918	0.435097	-0.138437	-0.016264	-0.002072	0.061772	0.214564	0.210262	0.491928
2021-07-29 06:14:26.000000 	-81.000000	59.108168	-159.091509	657.008028	-0.027817	-0.011562	0.011077	0.313118	0.251800	0.462424	-0.167041	-0.020153	0.000874	0.024965	0.228037	0.223466	0.522823
2021-07-29 06:14:27.000000 	-80.000000	59.108168	-159.091509	657.008028	-0.045843	-0.008206	0.040150	0.376056	0.302423	0.555385	-0.187205	-0.018648	-0.008695	0.057945	0.273876	0.268387	0.627926
2021-07-29 06:14:28.000000 	-79.000000	59.108168	-159.091509	657.008028	-0.035273	-0.011039	0.020292	0.275849	0.221844	0.407401	-0.139865	-0.021238	-0.002276	0.036353	0.200898	0.196873	0.460612
2021-07-29 06:14:29.000000 	-78.000000	59.108168	-159.091509	657.008028	-0.026410	-0.017182	0.022990	0.306557	0.246547	0.452762	-0.158407	-0.014630	0.006626	0.035543	0.223264	0.218792	0.511898
2021-07-29 06:14:30.000000 	-77.000000	59.108168	-159.091509	657.008028	-0.029985	-0.002214	0.016849	0.318460	0.256128	0.470353	-0.168258	-0.016064	-0.008633	0.029246	0.231935	0.227291	0.531785
2021-07-29 06:14:31.000000 	-76.000000	59.108168	-159.091509	657.008028	-0.036223	-0.005274	0.019562	0.303963	0.244476	0.448951	-0.156705	-0.020610	-0.008000	0.035126	0.221379	0.216947	0.507587
2021-07-29 06:14:32.000000 	-75.000000	59.108168	-159.091509	657.008028	-0.035117	-0.013403	0.040514	0.307829	0.247594	0.454671	-0.150229	-0.011455	-0.000012	0.054065	0.224197	0.219709	0.514053
2021-07-29 06:14:33.000000 	-74.000000	59.108168	-159.091509	657.008028	-0.031193	0.000122	0.018450	0.312098	0.251035	0.460985	-0.163834	-0.015495	-0.011246	0.030771	0.227308	0.222759	0.521192
2021-07-29 06:14:34.000000 	-73.000000	59.108168	-159.091509	657.008028	-0.035934	-0.013947	0.033944	0.304803	0.245175	0.450220	-0.150793	-0.015650	0.000205	0.048919	0.221997	0.217555	0.509020
2021-07-29 06:14:35.000000 	-72.000000	59.108168	-159.091509	657.008028	-0.034367	-0.009517	0.032190	0.351248	0.282544	0.518835	-0.179211	-0.013937	-0.003374	0.045850	0.255826	0.250709	0.586595
2021-07-29 06:14:36.000000 	-71.000000	59.108168	-159.091509	657.008028	-0.035438	-0.008513	0.022573	0.320923	0.258158	0.474051	-0.165257	-0.019426	-0.004695	0.037927	0.233741	0.229067	0.535961
2021-07-29 06:14:37.000000 	-70.000000	59.108168	-159.091509	657.008028	-0.032129	-0.015106	0.032032	0.290399	0.233611	0.428971	-0.144191	-0.013936	0.002645	0.045666	0.211511	0.207283	0.484994
2021-07-29 06:14:38.000000 	-69.000000	59.108168	-159.091509	657.008028	-0.039087	-0.008184	0.035570	0.314069	0.252661	0.463946	-0.155196	-0.015578	-0.006304	0.050770	0.228754	0.224181	0.524535
2021-07-29 06:14:39.000000 	-68.000000	59.108168	-159.091509	657.008028	-0.027529	-0.012193	0.011633	0.329508	0.265089	0.486763	-0.176313	-0.019829	0.001566	0.025420	0.240001	0.235205	0.550331
2021-07-29 06:14:40.000000 	-67.000000	59.108168	-159.091509	657.008028	-0.029392	0.001174	0.020169	0.333538	0.268340	0.492728	-0.176163	-0.012846	-0.011586	0.031190	0.242939	0.238085	0.557074
2021-07-29 06:14:41.000000 	-66.000000	59.108168	-159.091509	657.008028	-0.043443	-0.020711	0.026988	0.319696	0.257212	0.472289	-0.159102	-0.027312	0.003843	0.047790	0.232859	0.228207	0.533965
2021-07-29 06:14:42.000000 	-65.000000	59.108168	-159.091509	657.008028	-0.025581	-0.004708	0.025243	0.280223	0.225461	0.413983	-0.143964	-0.008988	-0.004731	0.034793	0.204109	0.200033	0.468045
2021-07-29 06:14:43.000000 	-64.000000	59.108168	-159.091509	657.008028	-0.040616	-0.003168	0.025456	0.262282	0.211033	0.387488	-0.129189	-0.020460	-0.011535	0.041905	0.191044	0.187229	0.438088
2021-07-29 06:14:44.000000 	-63.000000	59.108168	-159.091509	657.008028	-0.033888	-0.018298	0.026768	0.408676	0.328833	0.603778	-0.213633	-0.019026	0.004999	0.042577	0.297678	0.291736	0.682622
2021-07-29 06:14:45.000000 	-62.000000	59.108168	-159.091509	657.008028	-0.049829	-0.012648	0.053295	0.290458	0.233719	0.429132	-0.130868	-0.016456	-0.005968	0.071950	0.211571	0.207348	0.485169
2021-07-29 06:14:46.000000 	-61.000000	59.108168	-159.091509	657.008028	-0.025905	-0.003161	0.014988	0.277865	0.223592	0.410534	-0.146677	-0.014039	-0.006292	0.025865	0.202399	0.198361	0.464142
2021-07-29 06:14:47.000000 	-60.000000	59.108168	-159.091509	657.008028	-0.045299	-0.013063	0.040278	0.348617	0.280534	0.515079	-0.171006	-0.019634	-0.003963	0.058683	0.253938	0.248873	0.582337
2021-07-29 06:14:48.000000 	-59.000000	59.108168	-159.091509	657.008028	-0.022148	-0.003907	-0.007913	0.347975	0.280027	0.514142	-0.196826	-0.023014	-0.004255	0.004548	0.253474	0.248418	0.581277
2021-07-29 06:14:49.000000 	-58.000000	59.108168	-159.091509	657.008028	-0.034205	-0.016157	0.050657	0.271966	0.218867	0.401844	-0.125386	-0.006359	0.002886	0.062836	0.198108	0.194158	0.454315
2021-07-29 06:14:50.000000 	-57.000000	59.108168	-159.091509	657.008028	-0.030563	-0.010797	0.013722	0.356519	0.286921	0.526787	-0.190397	-0.020762	-0.000821	0.028412	0.259702	0.254525	0.595571
2021-07-29 06:14:51.000000 	-56.000000	59.108168	-159.091509	657.008028	-0.045897	-0.013268	0.045187	0.311469	0.250673	0.460231	-0.147394	-0.017656	-0.003986	0.063221	0.226888	0.222366	0.520325
2021-07-29 06:14:52.000000 	-55.000000	59.108168	-159.091509	657.008028	-0.027701	0.000653	-0.005236	0.326915	0.263113	0.483065	-0.182499	-0.024694	-0.010496	0.008672	0.238142	0.233397	0.546139
2021-07-29 06:14:53.000000 	-54.000000	59.108168	-159.091509	657.008028	-0.032583	-0.002954	0.054124	0.277328	0.223211	0.409801	-0.128803	0.000764	-0.008869	0.062614	0.202022	0.197998	0.463308
2021-07-29 06:14:54.000000 	-53.000000	59.108168	-159.091509	657.008028	-0.036663	-0.011793	0.021438	0.315960	0.254312	0.466897	-0.162146	-0.021995	-0.002067	0.038142	0.230167	0.225582	0.527858
2021-07-29 06:14:55.000000 	-52.000000	59.108168	-159.091509	657.008028	-0.041990	-0.018646	0.041745	0.316576	0.254816	0.467816	-0.152276	-0.017938	0.002433	0.059378	0.230617	0.226025	0.528897
2021-07-29 06:14:56.000000 	-51.000000	59.108168	-159.091509	657.008028	-0.022587	-0.000288	0.007615	0.342955	0.276058	0.506808	-0.188293	-0.014285	-0.007792	0.017420	0.249837	0.244863	0.572979
2021-07-29 06:14:57.000000 	-50.000000	59.108168	-159.091509	657.008028	-0.045875	-0.014794	0.034495	0.310080	0.249603	0.458236	-0.150626	-0.023595	-0.002552	0.054314	0.225890	0.221394	0.518064
2021-07-29 06:14:58.000000 	-49.000000	59.108168	-159.091509	657.008028	-0.033550	-0.014517	0.044547	0.324696	0.261377	0.479845	-0.158711	-0.008469	0.001588	0.056979	0.236540	0.231833	0.542494
2021-07-29 06:14:59.000000 	-48.000000	59.108168	-159.091509	657.008028	-0.023156	-0.001573	0.007695	0.244047	0.196462	0.360667	-0.130939	-0.015094	-0.006795	0.017998	0.177789	0.174252	0.407755
2021-07-29 06:15:00.000000 	-47.000000	59.108168	-159.091509	657.008028	-0.028799	-0.016267	0.018756	0.390698	0.314529	0.577409	-0.208066	-0.018439	0.004918	0.032888	0.284628	0.278966	0.652793
2021-07-29 06:15:01.000000 	-46.000000	59.108168	-159.091509	657.008028	-0.049799	-0.002837	0.032114	0.246964	0.198823	0.364993	-0.114817	-0.024301	-0.015122	0.051962	0.179918	0.176340	0.412644
2021-07-29 06:15:02.000000 	-45.000000	59.108168	-159.091509	657.008028	-0.037328	-0.015631	0.042388	0.326499	0.262863	0.482550	-0.159446	-0.012947	0.001281	0.057142	0.237863	0.233134	0.545548
2021-07-29 06:15:03.000000 	-44.000000	59.108168	-159.091509	657.008028	-0.028362	-0.000194	0.023188	0.322454	0.259615	0.476582	-0.168800	-0.010890	-0.009941	0.033537	0.234919	0.230249	0.538800
2021-07-29 06:15:04.000000 	-43.000000	59.108168	-159.091509	657.008028	-0.035366	-0.017453	0.026022	0.307852	0.247866	0.455009	-0.155451	-0.020335	0.003682	0.042490	0.224283	0.219826	0.514410
2021-07-29 06:15:05.000000 	-42.000000	59.108168	-159.091509	657.008028	-0.045211	-0.006894	0.051486	0.358835	0.288924	0.530373	-0.173131	-0.011920	-0.009695	0.067129	0.261429	0.256235	0.599612
2021-07-29 06:15:06.000000 	-41.000000	59.108168	-159.091509	657.008028	-0.021510	-0.010344	-0.004255	0.269739	0.217194	0.398695	-0.149808	-0.022596	0.001987	0.008560	0.196521	0.192617	0.450742
2021-07-29 06:15:07.000000 	-40.000000	59.108168	-159.091509	657.008028	-0.053119	-0.014313	0.055513	0.329507	0.265328	0.487046	-0.151506	-0.018464	-0.005586	0.075737	0.240067	0.235300	0.550626
2021-07-29 06:15:08.000000 	-39.000000	59.108168	-159.091509	657.008028	-0.021915	-0.002875	0.010745	0.350996	0.282641	0.518819	-0.191676	-0.012932	-0.005135	0.020258	0.255726	0.250649	0.586547
2021-07-29 06:15:09.000000 	-38.000000	59.108168	-159.091509	657.008028	-0.041213	-0.013088	0.038569	0.279186	0.224822	0.412682	-0.132760	-0.017244	-0.002482	0.055262	0.203409	0.199371	0.466553
2021-07-29 06:15:10.000000 	-37.000000	59.108168	-159.091509	657.008028	-0.033516	-0.013039	0.039233	0.298182	0.240127	0.440770	-0.145721	-0.010717	0.000219	0.052131	0.217252	0.212940	0.498307
2021-07-29 06:15:11.000000 	-36.000000	59.108168	-159.091509	657.008028	-0.031927	-0.001979	0.014704	0.333316	0.268430	0.492715	-0.177180	-0.018650	-0.009546	0.028293	0.242853	0.238034	0.557032
2021-07-29 06:15:12.000000 	-35.000000	59.108168	-159.091509	657.008028	-0.045811	-0.007062	0.043034	0.361386	0.291045	0.534221	-0.177795	-0.016792	-0.009752	0.060195	0.263308	0.258084	0.603954
2021-07-29 06:15:13.000000 	-34.000000	59.108168	-159.091509	657.008028	-0.034107	-0.018284	0.025521	0.276267	0.222501	0.408402	-0.137669	-0.019838	0.004908	0.041608	0.201292	0.197299	0.461711
2021-07-29 06:15:14.000000 	-33.000000	59.108168	-159.091509	657.008028	-0.037958	-0.009681	0.032910	0.334745	0.269607	0.494858	-0.168427	-0.016497	-0.004503	0.048220	0.243902	0.239065	0.559451
2021-07-29 06:15:15.000000 	-32.000000	59.108168	-159.091509	657.008028	-0.027794	-0.006510	0.025800	0.307299	0.247510	0.454293	-0.158611	-0.011029	-0.003838	0.036663	0.223907	0.219468	0.513591
2021-07-29 06:15:16.000000 	-31.000000	59.108168	-159.091509	657.008028	-0.030202	-0.004476	0.015363	0.288622	0.232474	0.426691	-0.151400	-0.017694	-0.006597	0.028489	0.210300	0.206132	0.482385
2021-07-29 06:15:17.000000 	-30.000000	59.108168	-159.091509	657.008028	-0.041160	-0.012526	0.050762	0.355204	0.286113	0.525135	-0.171959	-0.010769	-0.002987	0.065596	0.258817	0.253688	0.593677
2021-07-29 06:15:18.000000 	-29.000000	59.108168	-159.091509	657.008028	-0.042235	-0.016523	0.030991	0.286296	0.230616	0.423270	-0.139155	-0.023006	0.000362	0.049878	0.208610	0.204477	0.478516
2021-07-29 06:15:19.000000 	-28.000000	59.108168	-159.091509	657.008028	-0.042523	-0.001867	0.037244	0.352068	0.283606	0.520519	-0.176146	-0.015538	-0.013432	0.052697	0.256538	0.251456	0.588458
2021-07-29 06:15:20.000000 	-27.000000	59.108168	-159.091509	657.008028	-0.032447	-0.022475	0.025240	0.290719	0.234194	0.429825	-0.146095	-0.019935	0.009415	0.041339	0.211838	0.207642	0.485925
2021-07-29 06:15:21.000000 	-26.000000	59.108168	-159.091509	657.008028	-0.038300	-0.001553	0.032777	0.367747	0.296255	0.543722	-0.188230	-0.014350	-0.012218	0.046781	0.267969	0.262663	0.614686
2021-07-29 06:15:22.000000 	-25.000000	59.108168	-159.091509	657.008028	-0.033119	-0.010965	0.013422	0.225997	0.182068	0.334148	-0.114350	-0.023016	-0.001577	0.029411	0.164681	0.161421	0.377759
2021-07-29 06:15:23.000000 	-24.000000	59.108168	-159.091509	657.008028	-0.038647	-0.004616	0.036950	0.341589	0.275200	0.505067	-0.171101	-0.013423	-0.009480	0.051089	0.248914	0.243987	0.570984
2021-07-29 06:15:24.000000 	-23.000000	59.108168	-159.091509	657.008028	-0.028856	-0.012938	0.025659	0.333694	0.268849	0.493403	-0.172926	-0.013921	0.001788	0.038229	0.243163	0.238352	0.557797
2021-07-29 06:15:25.000000 	-22.000000	59.108168	-159.091509	657.008028	-0.041028	-0.004650	0.034092	0.338727	0.272913	0.500856	-0.169878	-0.016810	-0.010298	0.049785	0.246834	0.241951	0.566222
2021-07-29 06:15:26.000000 	-21.000000	59.108168	-159.091509	657.008028	-0.029375	-0.006043	0.029186	0.303523	0.244557	0.448811	-0.154718	-0.010413	-0.004838	0.040242	0.221183	0.216808	0.507383
2021-07-29 06:15:27.000000 	-20.000000	59.108168	-159.091509	657.008028	-0.041985	-0.009411	0.034733	0.347144	0.279713	0.513322	-0.173755	-0.018706	-0.006192	0.051666	0.252974	0.247971	0.580313
2021-07-29 06:15:28.000000 	-19.000000	59.108168	-159.091509	657.008028	-0.032495	-0.011963	0.030046	0.262106	0.211200	0.387584	-0.128954	-0.014286	-0.000421	0.043560	0.191006	0.187230	0.438165
2021-07-29 06:15:29.000000 	-18.000000	59.108168	-159.091509	657.008028	-0.031385	-0.018582	0.028735	0.308992	0.248989	0.456925	-0.156109	-0.016097	0.006158	0.043116	0.225177	0.220726	0.516554
2021-07-29 06:15:30.000000 	-17.000000	59.108168	-159.091509	657.008028	-0.040876	-0.003957	0.032301	0.344118	0.277302	0.508878	-0.173814	-0.017395	-0.010891	0.048049	0.250777	0.245821	0.575285
2021-07-29 06:15:31.000000 	-16.000000	59.108168	-159.091509	657.008028	-0.034353	-0.004166	0.024804	0.347989	0.280431	0.514612	-0.180868	-0.016079	-0.008368	0.038525	0.253601	0.248590	0.581767
2021-07-29 06:15:32.000000 	-15.000000	59.108168	-159.091509	657.008028	-0.045772	-0.012817	0.047871	0.287741	0.231887	0.425524	-0.132739	-0.016039	-0.004362	0.065381	0.209697	0.205555	0.481053
2021-07-29 06:15:33.000000 	-14.000000	59.108168	-159.091509	657.008028	-0.028277	0.004341	0.027190	0.286984	0.231284	0.424413	-0.147206	-0.007379	-0.014147	0.036099	0.209148	0.205017	0.479796
2021-07-29 06:15:34.000000 	-13.000000	59.108168	-159.091509	657.008028	-0.039695	-0.018896	0.024278	0.341926	0.275572	0.505675	-0.174433	-0.025143	0.003486	0.043334	0.249191	0.244271	0.571661
2021-07-29 06:15:35.000000 	-12.000000	59.108168	-159.091509	657.008028	-0.037325	-0.011626	0.033038	0.330397	0.266289	0.488635	-0.165891	-0.016519	-0.002459	0.048382	0.240792	0.236038	0.552396
2021-07-29 06:15:36.000000 	-11.000000	59.108168	-159.091509	657.008028	-0.031998	-0.007387	0.023904	0.318744	0.256906	0.471411	-0.164711	-0.015640	-0.004519	0.037213	0.232303	0.227718	0.532924
2021-07-29 06:15:37.000000 	-10.000000	59.108168	-159.091509	657.008028	-0.028350	-0.000204	0.028068	0.265279	0.213820	0.392345	-0.133931	-0.008378	-0.009926	0.037721	0.193339	0.189524	0.443540
2021-07-29 06:15:38.000000 	-9.000000	59.108168	-159.091509	657.008028	-0.042497	-0.006254	0.037882	0.354748	0.285944	0.524680	-0.177096	-0.016533	-0.009324	0.054036	0.258548	0.253447	0.593141
2021-07-29 06:15:39.000000 	-8.000000	59.108168	-159.091509	657.008028	-0.039190	-0.017841	0.034029	0.320410	0.258274	0.473902	-0.158510	-0.019409	0.002680	0.051266	0.233525	0.228918	0.535736
2021-07-29 06:15:40.000000 	-7.000000	59.108168	-159.091509	657.008028	-0.025958	-0.002069	0.017379	0.319983	0.257939	0.473281	-0.170229	-0.012519	-0.007331	0.027743	0.233217	0.228618	0.535033
2021-07-29 06:15:41.000000 	-6.000000	59.108168	-159.091509	657.008028	-0.033647	-0.014989	0.033683	0.255290	0.205797	0.377602	-0.122928	-0.014270	0.001995	0.047789	0.186068	0.182400	0.426870
2021-07-29 06:15:42.000000 	-5.000000	59.108168	-159.091509	657.008028	-0.055183	-0.005829	0.054174	0.334415	0.269591	0.494645	-0.155124	-0.018208	-0.014248	0.074023	0.243741	0.238936	0.559183
2021-07-29 06:15:43.000000 	-4.000000	59.108168	-159.091509	657.008028	-0.034696	-0.016437	0.021785	0.352218	0.283952	0.520988	-0.183104	-0.021662	0.002972	0.038347	0.256720	0.251661	0.588962
2021-07-29 06:15:44.000000 	-3.000000	59.108168	-159.091509	657.008028	-0.039094	-0.005792	0.032663	0.287484	0.231773	0.425245	-0.141309	-0.016343	-0.008541	0.047841	0.209541	0.205412	0.480727
2021-07-29 06:15:45.000000 	-2.000000	59.108168	-159.091509	657.008028	-0.028164	-0.002150	0.030774	0.329544	0.265691	0.487469	-0.169853	-0.007435	-0.008043	0.040310	0.240200	0.235468	0.551068
2021-07-29 06:15:46.000000 	-1.000000	59.108168	-159.091509	657.008028	-0.034782	-0.012568	0.024608	0.284000	0.228979	0.420108	-0.143022	-0.019097	-0.000672	0.040101	0.207006	0.202929	0.474917
2021-07-29 06:15:47.000000 	0.000000	59.108168	-159.091509	657.008028	-0.028728	0.000288	0.019873	0.334139	0.269413	0.494285	-0.176867	-0.012738	-0.010521	0.030779	0.243555	0.238759	0.558771
2021-07-29 06:15:48.000000 	1.000000	59.108168	-159.091509	657.008028	-0.046468	-0.015889	0.050870	0.281936	0.227330	0.417071	-0.127679	-0.015998	-0.001740	0.068851	0.205507	0.201461	0.471482
2021-07-29 06:15:49.000000 	2.000000	59.108168	-159.091509	657.008028	-0.034494	-0.001263	0.019565	0.331221	0.267078	0.489987	-0.173487	-0.017993	-0.011130	0.033565	0.241434	0.236682	0.553911
2021-07-29 06:15:50.000000 	3.000000	59.108168	-159.091509	657.008028	-0.044320	-0.014601	0.037176	0.336061	0.270991	0.497158	-0.165215	-0.020913	-0.002177	0.055834	0.244966	0.240145	0.562015
2021-07-29 06:15:51.000000 	4.000000	59.108168	-159.091509	657.008028	-0.016742	-0.003365	0.020271	0.292535	0.235900	0.432775	-0.155712	-0.004044	-0.002831	0.026041	0.213241	0.209045	0.489232
2021-07-29 06:15:52.000000 	5.000000	59.108168	-159.091509	657.008028	-0.040496	-0.010503	0.045137	0.324882	0.261994	0.480638	-0.157155	-0.012505	-0.004641	0.060081	0.236823	0.232164	0.543338
2021-07-29 06:15:53.000000 	6.000000	59.108168	-159.091509	657.008028	-0.040297	-0.014426	0.034350	0.363738	0.293338	0.538133	-0.183522	-0.019086	-0.000905	0.051447	0.265150	0.259936	0.608332
2021-07-29 06:15:54.000000 	7.000000	59.108168	-159.091509	657.008028	-0.041425	-0.007490	0.026941	0.283370	0.228533	0.419240	-0.140295	-0.021669	-0.007787	0.044359	0.206568	0.202506	0.473929
2021-07-29 06:15:55.000000 	8.000000	59.108168	-159.091509	657.008028	-0.042955	-0.010208	0.039557	0.260999	0.210498	0.386151	-0.121682	-0.017251	-0.005794	0.056417	0.190263	0.186523	0.436523
2021-07-29 06:15:56.000000 	9.000000	59.108168	-159.091509	657.008028	-0.029887	-0.011486	0.030197	0.364016	0.293592	0.538575	-0.188582	-0.011973	0.000063	0.042352	0.265363	0.260147	0.608829
2021-07-29 06:15:57.000000 	10.000000	59.108168	-159.091509	657.008028	-0.031146	-0.007171	0.031627	0.295418	0.238273	0.437091	-0.148520	-0.010926	-0.004416	0.043392	0.215359	0.211127	0.494105
2021-07-29 06:15:58.000000 	11.000000	59.108168	-159.091509	657.008028	-0.046171	-0.008715	0.040966	0.323413	0.260862	0.478520	-0.156478	-0.018648	-0.008336	0.058895	0.235770	0.231138	0.540938
2021-07-29 06:15:59.000000 	12.000000	59.108168	-159.091509	657.008028	-0.038635	-0.010394	0.022585	0.300342	0.242261	0.444393	-0.152360	-0.022559	-0.004078	0.039816	0.218955	0.214654	0.502358
2021-07-29 06:16:00.000000 	13.000000	59.108168	-159.091509	657.008028	-0.029452	0.001415	0.032632	0.273405	0.220541	0.404544	-0.136669	-0.006422	-0.011833	0.041869	0.199320	0.195405	0.457311
2021-07-29 06:16:01.000000 	14.000000	59.108168	-159.091509	657.008028	-0.037373	-0.014822	0.022886	0.335521	0.270655	0.496463	-0.172484	-0.022748	0.000508	0.040279	0.244607	0.239804	0.561218
2021-07-29 06:16:02.000000 	15.000000	59.108168	-159.091509	657.008028	-0.023771	0.001813	0.033588	0.254527	0.205327	0.376625	-0.127006	-0.001255	-0.010177	0.039892	0.185562	0.181919	0.425749
2021-07-29 06:16:03.000000 	16.000000	59.108168	-159.091509	657.008028	-0.051916	-0.013351	0.039610	0.348804	0.281389	0.516137	-0.169524	-0.025369	-0.006055	0.061337	0.254297	0.249306	0.583456
2021-07-29 06:16:04.000000 	17.000000	59.108168	-159.091509	657.008028	-0.029318	-0.010220	0.027627	0.351400	0.283493	0.519988	-0.182630	-0.012448	-0.000916	0.039641	0.256194	0.251166	0.587808
2021-07-29 06:16:05.000000 	18.000000	59.108168	-159.091509	657.008028	-0.033385	-0.007112	0.033260	0.229095	0.184829	0.339012	-0.108887	-0.011864	-0.005270	0.045856	0.167027	0.163750	0.383227
2021-07-29 06:16:06.000000 	19.000000	59.108168	-159.091509	657.008028	-0.030188	-0.010581	0.024034	0.375242	0.302748	0.555290	-0.197515	-0.015100	-0.000890	0.037042	0.273583	0.268217	0.627711
2021-07-29 06:16:07.000000 	20.000000	59.108168	-159.091509	657.008028	-0.043023	-0.008767	0.037124	0.303260	0.244682	0.448779	-0.147276	-0.018114	-0.007164	0.054099	0.221106	0.216769	0.507308
2021-07-29 06:16:08.000000 	21.000000	59.108168	-159.091509	657.008028	-0.037826	-0.008933	0.031886	0.288062	0.232427	0.426295	-0.142069	-0.016688	-0.005154	0.047141	0.210027	0.205909	0.481892
2021-07-29 06:16:09.000000 	22.000000	59.108168	-159.091509	657.008028	-0.035391	-0.013903	0.033457	0.330128	0.266377	0.488557	-0.165960	-0.015451	0.000357	0.048232	0.240701	0.235983	0.552272
2021-07-29 06:16:10.000000 	23.000000	59.108168	-159.091509	657.008028	-0.046801	-0.007564	0.042768	0.301016	0.242895	0.445482	-0.142735	-0.017876	-0.009636	0.060533	0.219478	0.215176	0.503579
2021-07-29 06:16:11.000000 	24.000000	59.108168	-159.091509	657.008028	-0.033047	-0.013125	0.029759	0.032426	0.026166	0.047989	0.033438	-0.015233	0.000467	0.043792	0.023643	0.023180	0.054247
2021-07-29 06:16:12.000000 	25.000000	59.108168	-159.091509	657.008028	-0.034892	-0.004569	0.021047	0.300593	0.242571	0.444873	-0.154838	-0.018564	-0.008184	0.035632	0.219176	0.214882	0.502888
2021-07-29 06:16:13.000000 	26.000000	59.108168	-159.091509	657.008028	-0.037545	-0.002535	0.037631	0.335829	0.271015	0.497031	-0.168126	-0.011553	-0.011031	0.050764	0.244871	0.240075	0.561847
2021-07-29 06:16:14.000000 	27.000000	59.108168	-159.091509	657.008028	-0.036440	-0.013545	0.035722	0.312842	0.252473	0.463019	-0.154830	-0.015019	-0.000352	0.050613	0.228113	0.223646	0.523398
2021-07-29 06:16:15.000000 	28.000000	59.108168	-159.091509	657.008028	-0.028865	-0.015864	0.034261	0.278256	0.224569	0.411838	-0.137302	-0.010408	0.004518	0.046151	0.202898	0.198925	0.465543
2021-07-29 06:16:16.000000 	29.000000	59.108168	-159.091509	657.008028	-0.042941	-0.004262	0.032002	0.302692	0.244298	0.448013	-0.149416	-0.019298	-0.011343	0.048838	0.220718	0.216398	0.506433
2021-07-29 06:16:17.000000 	30.000000	59.108168	-159.091509	657.008028	-0.045380	-0.012343	0.049147	0.325900	0.263038	0.482373	-0.154603	-0.014925	-0.004665	0.066201	0.237645	0.232994	0.545273
2021-07-29 06:16:18.000000 	31.000000	59.108168	-159.091509	657.008028	-0.033498	-0.006777	0.030264	0.325624	0.262824	0.481972	-0.165920	-0.013390	-0.005624	0.043279	0.237447	0.232801	0.544819
2021-07-29 06:16:19.000000 	32.000000	59.108168	-159.091509	657.008028	-0.029266	-0.011773	0.041771	0.291219	0.235062	0.431056	-0.142135	-0.005620	0.000553	0.052039	0.212361	0.208207	0.487262
2021-07-29 06:16:20.000000 	33.000000	59.108168	-159.091509	657.008028	-0.046439	-0.005894	0.030365	0.315720	0.254848	0.467331	-0.156383	-0.023442	-0.011067	0.049410	0.230232	0.225728	0.528266
2021-07-29 06:16:21.000000 	34.000000	59.108168	-159.091509	657.008028	-0.037111	-0.004586	0.033001	0.311532	0.251476	0.461141	-0.155869	-0.014211	-0.008960	0.046959	0.227181	0.222738	0.521268
2021-07-29 06:16:22.000000 	35.000000	59.108168	-159.091509	657.008028	-0.031111	-0.011660	0.032432	0.307423	0.248168	0.455067	-0.154738	-0.011859	-0.000211	0.044889	0.224188	0.219804	0.514401
2021-07-29 06:16:23.000000 	36.000000	59.108168	-159.091509	657.008028	-0.042668	-0.012097	0.030489	0.312661	0.252404	0.462828	-0.155107	-0.022255	-0.003927	0.048844	0.228010	0.223553	0.523172
2021-07-29 06:16:24.000000 	37.000000	59.108168	-159.091509	657.008028	-0.030697	-0.008197	0.033047	0.277289	0.223857	0.410475	-0.137566	-0.010151	-0.003298	0.044583	0.202218	0.198266	0.463993
2021-07-29 06:16:25.000000 	38.000000	59.108168	-159.091509	657.008028	-0.045199	-0.007477	0.035203	0.378568	0.305631	0.560411	-0.191130	-0.020449	-0.009145	0.053257	0.276082	0.270687	0.633476
2021-07-29 06:16:26.000000 	39.000000	59.108168	-159.091509	657.008028	-0.037709	-0.010265	0.043793	0.290197	0.234294	0.429599	-0.138531	-0.010889	-0.003868	0.057547	0.211638	0.207503	0.485608
2021-07-29 06:16:27.000000 	40.000000	59.108168	-159.091509	657.008028	-0.025284	-0.001991	0.017034	0.316605	0.255624	0.468701	-0.168721	-0.012133	-0.007163	0.027109	0.230900	0.226390	0.529807
2021-07-29 06:16:28.000000 	41.000000	59.108168	-159.091509	657.008028	-0.034175	-0.006386	0.056802	0.325523	0.262833	0.481912	-0.155043	-0.000188	-0.006231	0.066305	0.237407	0.232771	0.544739
2021-07-29 06:16:29.000000 	42.000000	59.108168	-159.091509	657.008028	-0.043290	-0.002422	0.023632	0.333996	0.269684	0.494464	-0.170871	-0.023311	-0.013187	0.041486	0.243590	0.238834	0.558927
2021-07-29 06:16:30.000000 	43.000000	59.108168	-159.091509	657.008028	-0.031275	-0.007859	0.030728	0.271607	0.219315	0.402108	-0.135082	-0.011702	-0.003820	0.042808	0.198092	0.194225	0.454529
2021-07-29 06:16:31.000000 	44.000000	59.108168	-159.091509	657.008028	-0.046860	-0.011087	0.041128	0.304007	0.245486	0.450084	-0.144807	-0.019845	-0.006366	0.059800	0.221725	0.217398	0.508759
2021-07-29 06:16:32.000000 	45.000000	59.108168	-159.091509	657.008028	-0.027471	-0.007994	0.032949	0.287483	0.232152	0.425629	-0.144442	-0.007553	-0.002336	0.042915	0.209677	0.205586	0.481114
2021-07-29 06:16:33.000000 	46.000000	59.108168	-159.091509	657.008028	-0.035875	-0.009081	0.030679	0.349929	0.282588	0.518091	-0.178926	-0.015789	-0.004320	0.045196	0.255226	0.250247	0.585629
2021-07-29 06:16:34.000000 	47.000000	59.108168	-159.091509	657.008028	-0.043157	-0.002734	0.054194	0.293536	0.237056	0.434605	-0.135381	-0.007609	-0.012847	0.067705	0.214098	0.209922	0.491259
2021-07-29 06:16:35.000000 	48.000000	59.108168	-159.091509	657.008028	-0.034412	-0.004018	0.024504	0.331146	0.267439	0.490300	-0.171411	-0.016235	-0.008528	0.038268	0.241534	0.236823	0.554212
2021-07-29 06:16:36.000000 	49.000000	59.108168	-159.091509	657.008028	-0.033022	-0.015060	0.037074	0.312451	0.252349	0.462628	-0.154929	-0.012049	0.002283	0.050412	0.227901	0.223457	0.522932
2021-07-29 06:16:37.000000 	50.000000	59.108168	-159.091509	657.008028	-0.047363	0.002756	0.023549	0.302449	0.244279	0.447826	-0.151783	-0.025033	-0.019478	0.042419	0.220609	0.216308	0.506200
2021-07-29 06:16:38.000000 	51.000000	59.108168	-159.091509	657.008028	-0.032562	-0.014781	0.039510	0.297691	0.240445	0.440790	-0.145592	-0.010344	0.002187	0.052230	0.217142	0.212910	0.498245
2021-07-29 06:16:39.000000 	52.000000	59.108168	-159.091509	657.008028	-0.032715	-0.004895	0.039309	0.359444	0.290333	0.532236	-0.182326	-0.007542	-0.007103	0.050320	0.262190	0.257080	0.601610
2021-07-29 06:16:40.000000 	53.000000	59.108168	-159.091509	657.008028	-0.045183	-0.015220	0.050347	0.291323	0.235318	0.431376	-0.133902	-0.015032	-0.001907	0.067664	0.212503	0.208363	0.487602
2021-07-29 06:16:41.000000 	54.000000	59.108168	-159.091509	657.008028	-0.037601	-0.001435	0.046399	0.310571	0.250874	0.459885	-0.150152	-0.006759	-0.012078	0.058113	0.226547	0.222134	0.519827
2021-07-29 06:16:42.000000 	55.000000	59.108168	-159.091509	657.008028	-0.033149	-0.006714	0.016482	0.322012	0.260125	0.476836	-0.169353	-0.020167	-0.005558	0.031273	0.234896	0.230321	0.538985
2021-07-29 06:16:43.000000 	56.000000	59.108168	-159.091509	657.008028	-0.045992	-0.004507	0.042852	0.265664	0.214614	0.393402	-0.122775	-0.016247	-0.012203	0.059657	0.193795	0.190021	0.444676
2021-07-29 06:16:44.000000 	57.000000	59.108168	-159.091509	657.008028	-0.042755	-0.008729	0.050992	0.361861	0.292336	0.535863	-0.175867	-0.010767	-0.007104	0.065864	0.263973	0.258833	0.605703
2021-07-29 06:16:45.000000 	58.000000	59.108168	-159.091509	657.008028	-0.035427	-0.021654	0.017956	0.315481	0.254876	0.467190	-0.162635	-0.025812	0.007585	0.036368	0.230143	0.225663	0.528078
2021-07-29 06:16:46.000000 	59.000000	59.108168	-159.091509	657.008028	-0.027894	-0.000434	0.035541	0.307809	0.248687	0.455837	-0.155773	-0.004247	-0.009549	0.043957	0.224550	0.220179	0.515244
2021-07-29 06:16:47.000000 	60.000000	59.108168	-159.091509	657.008028	-0.039431	-0.004995	0.037768	0.328018	0.265023	0.485773	-0.162876	-0.013748	-0.009406	0.052237	0.239296	0.234640	0.549081
2021-07-29 06:16:48.000000 	61.000000	59.108168	-159.091509	657.008028	-0.036413	-0.000819	0.040209	0.297079	0.240034	0.439961	-0.145246	-0.008796	-0.012230	0.052118	0.216728	0.212512	0.497298
2021-07-29 06:16:49.000000 	62.000000	59.108168	-159.091509	657.008028	-0.041867	-0.009117	0.038448	0.301741	0.243810	0.446875	-0.146291	-0.016614	-0.006425	0.054744	0.220133	0.215852	0.505111
2021-07-29 06:16:50.000000 	63.000000	59.108168	-159.091509	657.008028	-0.031961	-0.012341	0.048145	0.313011	0.252925	0.463573	-0.151431	-0.004681	0.000122	0.058905	0.228359	0.223918	0.523985
2021-07-29 06:16:51.000000 	64.000000	59.108168	-159.091509	657.008028	-0.035949	-0.013750	0.022337	0.344207	0.278142	0.509783	-0.178389	-0.021561	0.000016	0.038929	0.251122	0.246239	0.576216
2021-07-29 06:16:52.000000 	65.000000	59.108168	-159.091509	657.008028	-0.041012	-0.001480	0.032480	0.298813	0.241469	0.442561	-0.147901	-0.016654	-0.013254	0.047813	0.218007	0.213769	0.500232
2021-07-29 06:16:53.000000 	66.000000	59.108168	-159.091509	657.008028	-0.046045	-0.011268	0.045619	0.303329	0.245127	0.449257	-0.142929	-0.016940	-0.005906	0.063296	0.221305	0.217004	0.507800
2021-07-29 06:16:54.000000 	67.000000	59.108168	-159.091509	657.008028	-0.030308	-0.013931	0.032611	0.313940	0.253711	0.464982	-0.158491	-0.011819	0.002197	0.045073	0.229051	0.224600	0.525573
2021-07-29 06:16:55.000000 	68.000000	59.108168	-159.091509	657.008028	-0.040057	0.002757	0.030090	0.311382	0.251653	0.461202	-0.156764	-0.015818	-0.016871	0.044528	0.227189	0.222775	0.521299
2021-07-29 06:16:56.000000 	69.000000	59.108168	-159.091509	657.008028	-0.042403	-0.009280	0.062117	0.300518	0.242881	0.445118	-0.135891	-0.004941	-0.006463	0.075342	0.219265	0.215006	0.503118
2021-07-29 06:16:57.000000 	70.000000	59.108168	-159.091509	657.008028	-0.034884	-0.018354	0.016254	0.361687	0.292329	0.535729	-0.190616	-0.025240	0.004696	0.034042	0.263900	0.258775	0.605535
2021-07-29 06:16:58.000000 	71.000000	59.108168	-159.091509	657.008028	-0.038921	-0.001626	0.050050	0.227992	0.184278	0.337706	-0.100382	-0.006002	-0.012371	0.061914	0.166354	0.163123	0.381708
2021-07-29 06:16:59.000000 	72.000000	59.108168	-159.091509	657.008028	-0.040476	-0.008654	0.033886	0.373839	0.302172	0.553748	-0.190284	-0.017700	-0.006361	0.050077	0.272775	0.267479	0.625898
2021-07-29 06:17:00.000000 	73.000000	59.108168	-159.091509	657.008028	-0.046242	-0.009414	0.049284	0.297744	0.240673	0.441040	-0.138371	-0.014648	-0.007709	0.066196	0.217255	0.213038	0.498504
2021-07-29 06:17:01.000000 	74.000000	59.108168	-159.091509	657.008028	-0.028540	-0.001758	0.017555	0.274000	0.221488	0.405876	-0.143074	-0.014404	-0.008543	0.029075	0.199933	0.196053	0.458757
2021-07-29 06:17:02.000000 	75.000000	59.108168	-159.091509	657.008028	-0.047114	-0.010029	0.035704	0.333065	0.269243	0.493378	-0.163880	-0.022509	-0.007445	0.055073	0.243036	0.238320	0.557658
2021-07-29 06:17:03.000000 	76.000000	59.108168	-159.091509	657.008028	-0.031973	-0.005649	0.042184	0.351483	0.284142	0.520669	-0.176783	-0.005703	-0.006134	0.052569	0.256480	0.251504	0.588504
2021-07-29 06:17:04.000000 	77.000000	59.108168	-159.091509	657.008028	-0.047695	-0.016414	0.046940	0.253415	0.204870	0.375403	-0.112403	-0.019160	-0.001688	0.066163	0.184922	0.181335	0.424312
2021-07-29 06:17:05.000000 	78.000000	59.108168	-159.091509	657.008028	-0.038417	-0.004443	0.032148	0.341060	0.275736	0.505247	-0.173034	-0.015652	-0.009560	0.046827	0.248882	0.244056	0.571071
2021-07-29 06:17:06.000000 	79.000000	59.108168	-159.091509	657.008028	-0.032683	0.000823	0.027448	0.344813	0.278779	0.510815	-0.179188	-0.011855	-0.012433	0.039079	0.251625	0.246746	0.577362
2021-07-29 06:17:07.000000 	80.000000	59.108168	-159.091509	657.008028	-0.050793	-0.014226	0.046196	0.296484	0.239714	0.439227	-0.137025	-0.021356	-0.004837	0.066610	0.216361	0.212166	0.496447
2021-07-29 06:17:08.000000 	81.000000	59.108168	-159.091509	657.008028	-0.041394	-0.010327	0.052743	0.334488	0.270451	0.495538	-0.159627	-0.009267	-0.005125	0.067006	0.244099	0.239368	0.560092
2021-07-29 06:17:09.000000 	82.000000	59.108168	-159.091509	657.008028	-0.025426	-0.004426	0.012948	0.283878	0.229538	0.420566	-0.151233	-0.015090	-0.004940	0.024117	0.207168	0.203154	0.475353
2021-07-29 06:17:10.000000 	83.000000	59.108168	-159.091509	657.008028	-0.046590	-0.006678	0.059711	0.328066	0.265278	0.486040	-0.151934	-0.008736	-0.010389	0.074808	0.239420	0.234781	0.549355
2021-07-29 06:17:11.000000 	84.000000	59.108168	-159.091509	657.008028	-0.039666	-0.020875	0.047982	0.281551	0.227673	0.417133	-0.130229	-0.013556	0.005344	0.064024	0.205477	0.201496	0.471470
2021-07-29 06:17:12.000000 	85.000000	59.108168	-159.091509	657.008028	-0.024139	0.011446	0.027341	0.323865	0.261899	0.479832	-0.170393	-0.001808	-0.019307	0.032942	0.236362	0.231784	0.542336
2021-07-29 06:17:13.000000 	86.000000	59.108168	-159.091509	657.008028	-0.060830	-0.016656	0.043881	0.303131	0.245141	0.449122	-0.138376	-0.031335	-0.006150	0.069883	0.221234	0.216950	0.507623
2021-07-29 06:17:14.000000 	87.000000	59.108168	-159.091509	657.008028	-0.026173	-0.006665	0.035084	0.312415	0.252658	0.462884	-0.158590	-0.005009	-0.003114	0.043881	0.228013	0.223599	0.523177
2021-07-29 06:17:15.000000 	88.000000	59.108168	-159.091509	657.008028	-0.037327	-0.004701	0.039067	0.324854	0.262727	0.481323	-0.161249	-0.011305	-0.008930	0.052289	0.237096	0.232506	0.544016
2021-07-29 06:17:16.000000 	89.000000	59.108168	-159.091509	657.008028	-0.057986	-0.013368	0.053427	0.299937	0.242584	0.444412	-0.134059	-0.023147	-0.008206	0.076107	0.218914	0.214677	0.502297
2021-07-29 06:17:17.000000 	90.000000	59.108168	-159.091509	657.008028	-0.033860	-0.009388	0.047458	0.287052	0.232171	0.425327	-0.136540	-0.005653	-0.003314	0.058685	0.209513	0.205459	0.480725
2021-07-29 06:17:18.000000 	91.000000	59.108168	-159.091509	657.008028	-0.029049	-0.009555	0.009542	0.298390	0.241350	0.442134	-0.159346	-0.021314	-0.001441	0.023871	0.217792	0.213578	0.499720
2021-07-29 06:17:19.000000 	92.000000	59.108168	-159.091509	657.008028	-0.032902	-0.003420	0.046188	0.333663	0.269890	0.494407	-0.164863	-0.003709	-0.008547	0.056042	0.243541	0.238830	0.558800
2021-07-29 06:17:20.000000 	93.000000	59.108168	-159.091509	657.008028	-0.047567	-0.005184	0.048352	0.288737	0.233559	0.427846	-0.133549	-0.014894	-0.012133	0.065256	0.210754	0.206678	0.483569
2021-07-29 06:17:21.000000 	94.000000	59.108168	-159.091509	657.008028	-0.044812	-0.017410	0.035723	0.342535	0.277086	0.507572	-0.169329	-0.022914	0.000271	0.055337	0.250026	0.245191	0.573676
2021-07-29 06:17:22.000000 	95.000000	59.108168	-159.091509	657.008028	-0.026268	-0.006465	0.016097	0.295380	0.238950	0.437704	-0.156249	-0.014772	-0.003335	0.027597	0.215610	0.211441	0.494708
2021-07-29 06:17:23.000000 	96.000000	59.108168	-159.091509	657.008028	-0.059901	-0.014302	0.068740	0.325381	0.263229	0.482168	-0.142103	-0.017106	-0.008017	0.090339	0.237513	0.232922	0.544962
2021-07-29 06:17:24.000000 	97.000000	59.108168	-159.091509	657.008028	-0.036524	-0.003254	0.045602	0.315961	0.255617	0.468217	-0.153870	-0.006862	-0.009994	0.057247	0.230641	0.226183	0.529193
2021-07-29 06:17:25.000000 	98.000000	59.108168	-159.091509	657.008028	-0.033619	-0.005573	0.026865	0.281485	0.227734	0.417134	-0.141989	-0.014864	-0.006792	0.040199	0.205478	0.201507	0.471456
2021-07-29 06:17:26.000000 	99.000000	59.108168	-159.091509	657.008028	-0.041563	-0.008016	0.055283	0.332198	0.268773	0.492295	-0.157501	-0.007390	-0.007345	0.068843	0.242502	0.237817	0.556404
2021-07-29 06:17:27.000000 	100.000000	59.108168	-159.091509	657.008028	-0.038360	-0.012216	0.043255	0.301685	0.244094	0.447085	-0.145174	-0.012284	-0.002279	0.057755	0.220231	0.215978	0.505305
2021-07-29 06:17:28.000000 	101.000000	59.108168	-159.091509	657.008028	-0.037893	0.001408	0.043478	0.294320	0.238144	0.436177	-0.142190	-0.007622	-0.014838	0.055226	0.214858	0.210709	0.492975
2021-07-29 06:17:29.000000 	102.000000	59.108168	-159.091509	657.008028	-0.035677	-0.011015	0.049092	0.355783	0.287886	0.527274	-0.175025	-0.006768	-0.002443	0.061257	0.259732	0.254717	0.595933
2021-07-29 06:17:30.000000 	103.000000	59.108168	-159.091509	657.008028	-0.042342	-0.008036	0.058355	0.318322	0.257583	0.471763	-0.147995	-0.006443	-0.007604	0.071857	0.232389	0.227902	0.533193
2021-07-29 06:17:31.000000 	104.000000	59.108168	-159.091509	657.008028	-0.027723	-0.001496	0.024119	0.298117	0.241242	0.441826	-0.154796	-0.010299	-0.008496	0.034267	0.217642	0.213441	0.499357
2021-07-29 06:17:32.000000 	105.000000	59.108168	-159.091509	657.008028	-0.040062	-0.004057	0.042604	0.311042	0.251711	0.460990	-0.151159	-0.011484	-0.010507	0.056517	0.227082	0.222700	0.521015
2021-07-29 06:17:33.000000 	106.000000	59.108168	-159.091509	657.008028	-0.054091	-0.021804	0.064829	0.338977	0.274327	0.502401	-0.152580	-0.016754	0.001064	0.085570	0.247481	0.242706	0.567815
2021-07-29 06:17:34.000000 	107.000000	59.108168	-159.091509	657.008028	-0.036575	-0.009814	0.027979	0.322643	0.261118	0.478200	-0.164109	-0.017960	-0.003885	0.043350	0.235560	0.231016	0.540462
2021-07-29 06:17:35.000000 	108.000000	59.108168	-159.091509	657.008028	-0.024488	0.001542	0.043328	0.280524	0.227038	0.415780	-0.138050	0.003087	-0.010180	0.048644	0.204813	0.200862	0.469914
2021-07-29 06:17:36.000000 	109.000000	59.108168	-159.091509	657.008028	-0.040106	-0.010898	0.025339	0.308024	0.249304	0.456546	-0.155506	-0.022478	-0.004133	0.042976	0.224894	0.220557	0.515987
2021-07-29 06:17:37.000000 	110.000000	59.108168	-159.091509	657.008028	-0.038569	-0.016022	0.049627	0.296918	0.240324	0.440093	-0.139422	-0.010345	0.001203	0.064020	0.216790	0.212610	0.497390
2021-07-29 06:17:38.000000 	111.000000	59.108168	-159.091509	657.008028	-0.050175	-0.005425	0.045735	0.336401	0.272292	0.498624	-0.161507	-0.018402	-0.012839	0.064306	0.245622	0.240887	0.563540
2021-07-29 06:17:39.000000 	112.000000	59.108168	-159.091509	657.008028	-0.042041	-0.003894	0.047703	0.347311	0.281132	0.514802	-0.169594	-0.010402	-0.011365	0.061813	0.253592	0.248704	0.581823
2021-07-29 06:17:40.000000 	113.000000	59.108168	-159.091509	657.008028	-0.048516	-0.019122	0.038428	0.294880	0.238700	0.437093	-0.139379	-0.025018	0.000549	0.059749	0.215313	0.211164	0.493996
2021-07-29 06:17:41.000000 	114.000000	59.108168	-159.091509	657.008028	-0.036617	-0.007016	0.048704	0.228974	0.185358	0.339409	-0.101839	-0.006497	-0.006514	0.060642	0.167194	0.163972	0.383594
2021-07-29 06:17:42.000000 	115.000000	59.108168	-159.091509	657.008028	-0.040328	-0.011785	0.038732	0.405619	0.328366	0.601259	-0.206642	-0.016051	-0.003383	0.054739	0.296183	0.290477	0.679531
2021-07-29 06:17:43.000000 	116.000000	59.108168	-159.091509	657.008028	-0.031026	-0.004081	0.030593	0.282675	0.228845	0.419023	-0.142160	-0.010414	-0.007260	0.041881	0.206413	0.202437	0.473570
2021-07-29 06:17:44.000000 	117.000000	59.108168	-159.091509	657.008028	-0.047557	-0.013762	0.053258	0.360705	0.292028	0.534701	-0.172620	-0.014994	-0.004117	0.071033	0.263397	0.258324	0.604304
2021-07-29 06:17:45.000000 	118.000000	59.108168	-159.091509	657.008028	-0.025787	-0.013070	0.035516	0.263752	0.213542	0.390986	-0.129806	-0.006440	0.003007	0.045240	0.192603	0.188894	0.441881
2021-07-29 06:17:46.000000 	119.000000	59.108168	-159.091509	657.008028	-0.046649	-0.007476	0.058974	0.273635	0.221552	0.405644	-0.120630	-0.009407	-0.009664	0.074351	0.199823	0.195976	0.458445
2021-07-29 06:17:47.000000 	120.000000	59.108168	-159.091509	657.008028	-0.024696	0.004600	0.024703	0.402625	0.326002	0.596871	-0.216388	-0.005705	-0.013111	0.032200	0.294024	0.288365	0.674563
2021-07-29 06:17:48.000000 	121.000000	59.108168	-159.091509	657.008028	-0.051350	-0.013294	0.063826	0.285766	0.231391	0.423641	-0.123784	-0.012465	-0.005907	0.081835	0.208690	0.204674	0.478783
2021-07-29 06:17:49.000000 	122.000000	59.108168	-159.091509	657.008028	-0.030099	0.000010	0.036677	0.311259	0.252042	0.461440	-0.156919	-0.005294	-0.010751	0.045908	0.227311	0.222937	0.521500
2021-07-29 06:17:50.000000 	123.000000	59.108168	-159.091509	657.008028	-0.057492	-0.020871	0.052798	0.298210	0.241484	0.442102	-0.132771	-0.025372	-0.001021	0.076706	0.217785	0.213595	0.499645
2021-07-29 06:17:51.000000 	124.000000	59.108168	-159.091509	657.008028	-0.037320	-0.004906	0.047863	0.354569	0.287133	0.525665	-0.175029	-0.006846	-0.008736	0.059871	0.258950	0.253969	0.594082
2021-07-29 06:17:52.000000 	125.000000	59.108168	-159.091509	657.008028	-0.018405	-0.003962	0.029013	0.249809	0.202305	0.370358	-0.127333	-0.001072	-0.002867	0.034450	0.182444	0.178935	0.418561
2021-07-29 06:17:53.000000 	126.000000	59.108168	-159.091509	657.008028	-0.041228	-0.005721	0.045285	0.339948	0.275313	0.504005	-0.166417	-0.011552	-0.009369	0.059683	0.248281	0.243507	0.569600
2021-07-29 06:17:54.000000 	127.000000	59.108168	-159.091509	657.008028	-0.028030	-0.012822	0.032679	0.296996	0.240536	0.440331	-0.149605	-0.009619	0.001974	0.043836	0.216915	0.212745	0.497638
2021-07-29 06:17:55.000000 	128.000000	59.108168	-159.091509	657.008028	-0.047702	0.003343	0.051916	0.310543	0.251517	0.460423	-0.145521	-0.010561	-0.020146	0.066817	0.226813	0.222454	0.520344
2021-07-29 06:17:56.000000 	129.000000	59.108168	-159.091509	657.008028	-0.039257	-0.009499	0.042519	0.298277	0.241592	0.442244	-0.143597	-0.012549	-0.005137	0.057055	0.217859	0.213672	0.499798
2021-07-29 06:17:57.000000 	130.000000	59.108168	-159.091509	657.008028	-0.036678	-0.017508	0.040294	0.302194	0.244773	0.448058	-0.146643	-0.014076	0.003266	0.055377	0.220724	0.216482	0.506367
2021-07-29 06:17:58.000000 	131.000000	59.108168	-159.091509	657.008028	-0.049570	0.004202	0.060597	0.315616	0.255655	0.467967	-0.144456	-0.007339	-0.021616	0.075005	0.230532	0.226103	0.528866
2021-07-29 06:17:59.000000 	132.000000	59.108168	-159.091509	657.008028	-0.038531	-0.001097	0.054984	0.341722	0.276811	0.506682	-0.164717	-0.002994	-0.012726	0.065865	0.249605	0.244810	0.572617
2021-07-29 06:18:00.000000 	133.000000	59.108168	-159.091509	657.008028	-0.047959	0.006403	0.033571	0.308102	0.249586	0.456841	-0.151521	-0.019249	-0.023097	0.050637	0.225052	0.220730	0.516288
2021-07-29 06:18:01.000000 	134.000000	59.108168	-159.091509	657.008028	-0.042448	-0.012547	0.050813	0.326754	0.264705	0.484504	-0.155578	-0.011782	-0.003428	0.066262	0.238681	0.234097	0.547550
2021-07-29 06:18:02.000000 	135.000000	59.108168	-159.091509	657.008028	-0.026669	-0.020614	0.031060	0.295442	0.239349	0.438083	-0.148822	-0.011745	0.009739	0.043222	0.215813	0.211670	0.495087
2021-07-29 06:18:03.000000 	136.000000	59.108168	-159.091509	657.008028	-0.029179	-0.019340	0.035391	0.272798	0.221012	0.404513	-0.133469	-0.011143	0.007653	0.047908	0.199276	0.195451	0.457148
2021-07-29 06:18:04.000000 	137.000000	59.108168	-159.091509	657.008028	-0.047646	-0.002613	0.038820	0.316540	0.256459	0.469381	-0.153797	-0.019063	-0.014563	0.056643	0.231233	0.226795	0.530455
2021-07-29 06:18:05.000000 	138.000000	59.108168	-159.091509	657.008028	-0.042798	-0.001465	0.052996	0.369974	0.299763	0.548625	-0.180685	-0.007548	-0.013905	0.066273	0.270272	0.265086	0.620008
2021-07-29 06:18:06.000000 	139.000000	59.108168	-159.091509	657.008028	-0.058166	-0.012077	0.055456	0.253257	0.205203	0.375555	-0.106208	-0.021854	-0.009476	0.077699	0.185012	0.181463	0.424418
2021-07-29 06:18:07.000000 	140.000000	59.108168	-159.091509	657.008028	-0.033655	-0.005045	0.037580	0.304694	0.246889	0.451837	-0.151360	-0.009229	-0.007298	0.049315	0.222593	0.218323	0.510624
2021-07-29 06:18:08.000000 	141.000000	59.108168	-159.091509	657.008028	-0.030058	-0.004769	0.043664	0.335512	0.271871	0.497547	-0.167784	-0.003138	-0.006272	0.052760	0.245112	0.240410	0.562279
2021-07-29 06:18:09.000000 	142.000000	59.108168	-159.091509	657.008028	-0.041744	-0.006659	0.034903	0.347872	0.281897	0.515883	-0.174933	-0.017583	-0.008677	0.051192	0.254146	0.249272	0.583000
2021-07-29 06:18:10.000000 	143.000000	59.108168	-159.091509	657.008028	-0.035769	-0.006136	0.063045	0.252596	0.204698	0.374597	-0.110000	0.001816	-0.007033	0.072381	0.184544	0.181005	0.423332
2021-07-29 06:18:11.000000 	144.000000	59.108168	-159.091509	657.008028	-0.044703	-0.004086	0.045898	0.340973	0.276327	0.505669	-0.165966	-0.013522	-0.012137	0.061575	0.249116	0.244340	0.571453
2021-07-29 06:18:12.000000 	145.000000	59.108168	-159.091509	657.008028	-0.042226	-0.017298	0.027961	0.260919	0.211458	0.386952	-0.125908	-0.024791	0.001090	0.047416	0.190632	0.186978	0.437292
2021-07-29 06:18:13.000000 	146.000000	59.108168	-159.091509	657.008028	-0.025831	0.001932	0.025787	0.263468	0.213532	0.390739	-0.135055	-0.006876	-0.011023	0.034163	0.192498	0.188809	0.441569
2021-07-29 06:18:14.000000 	147.000000	59.108168	-159.091509	657.008028	-0.038124	0.000846	0.051892	0.299539	0.242776	0.444242	-0.141834	-0.003660	-0.014396	0.062660	0.218857	0.214663	0.502031
2021-07-29 06:18:15.000000 	148.000000	59.108168	-159.091509	657.008028	-0.035847	0.003048	0.066249	0.365175	0.295984	0.541594	-0.174789	0.006211	-0.015640	0.073485	0.266819	0.261707	0.612046
2021-07-29 06:18:16.000000 	149.000000	59.108168	-159.091509	657.008028	-0.037334	0.003424	0.047070	0.250449	0.203004	0.371449	-0.115695	-0.004713	-0.016522	0.057671	0.182997	0.179492	0.419767
2021-07-29 06:18:17.000000 	150.000000	59.108168	-159.091509	657.008028	-0.039256	-0.002692	0.040842	0.323046	0.261857	0.479127	-0.159324	-0.011324	-0.011494	0.054369	0.236047	0.231526	0.541450
2021-07-29 06:18:18.000000 	151.000000	59.108168	-159.091509	657.008028	-0.040070	-0.003936	0.069153	0.354341	0.287235	0.525549	-0.165602	0.002177	-0.010624	0.079282	0.258918	0.253960	0.593910
2021-07-29 06:18:19.000000 	152.000000	59.108168	-159.091509	657.008028	-0.034818	0.001351	0.071588	0.252191	0.204438	0.374049	-0.106950	0.009257	-0.013688	0.077884	0.184281	0.180752	0.422702
2021-07-29 06:18:20.000000 	153.000000	59.108168	-159.091509	657.008028	-0.045960	-0.005171	0.034976	0.301169	0.244151	0.446700	-0.146718	-0.020469	-0.011571	0.053004	0.220074	0.215861	0.504801
2021-07-29 06:18:21.000000 	154.000000	59.108168	-159.091509	657.008028	-0.053631	-0.018867	0.068717	0.336516	0.272816	0.499136	-0.150208	-0.013489	-0.001515	0.088148	0.245909	0.241202	0.564056
2021-07-29 06:18:22.000000 	155.000000	59.108168	-159.091509	657.008028	-0.040629	-0.007311	0.046964	0.347301	0.281570	0.515140	-0.170140	-0.010696	-0.007670	0.061127	0.253795	0.248938	0.582140
2021-07-29 06:18:23.000000 	156.000000	59.108168	-159.091509	657.008028	-0.048342	0.002804	0.045599	0.279571	0.226668	0.414686	-0.129876	-0.014482	-0.019872	0.061802	0.204305	0.200396	0.468619
2021-07-29 06:18:24.000000 	157.000000	59.108168	-159.091509	657.008028	-0.050148	-0.018610	0.032540	0.340724	0.276259	0.505401	-0.167984	-0.029193	-0.000512	0.055385	0.248999	0.244235	0.571131
2021-07-29 06:18:25.000000 	158.000000	59.108168	-159.091509	657.008028	-0.046928	-0.022343	0.051256	0.287464	0.233085	0.426406	-0.130291	-0.018145	0.004124	0.070585	0.210081	0.206063	0.481861
2021-07-29 06:18:26.000000 	159.000000	59.108168	-159.091509	657.008028	-0.035508	-0.001105	0.028026	0.286445	0.232267	0.424901	-0.144438	-0.014414	-0.011639	0.041282	0.209341	0.205337	0.480159
2021-07-29 06:18:27.000000 	160.000000	59.108168	-159.091509	657.008028	-0.037342	-0.002198	0.046258	0.306285	0.248363	0.454337	-0.148064	-0.006858	-0.011273	0.058008	0.223845	0.219564	0.513422
2021-07-29 06:18:28.000000 	161.000000	59.108168	-159.091509	657.008028	-0.047891	-0.003347	0.049688	0.318665	0.258412	0.472708	-0.150683	-0.013905	-0.013965	0.066222	0.232897	0.228444	0.534181
2021-07-29 06:18:29.000000 	162.000000	59.108168	-159.091509	657.008028	-0.035483	-0.010410	0.030878	0.291092	0.236062	0.431814	-0.145147	-0.015779	-0.002939	0.045423	0.212750	0.208683	0.487967
2021-07-29 06:18:30.000000 	163.000000	59.108168	-159.091509	657.008028	-0.027722	0.006168	0.034012	0.226185	0.183432	0.335534	-0.109949	-0.002871	-0.015655	0.041353	0.165315	0.162155	0.379166
2021-07-29 06:18:31.000000 	164.000000	59.108168	-159.091509	657.008028	-0.027778	0.000192	0.029021	0.333273	0.270289	0.494401	-0.173527	-0.007309	-0.010093	0.038191	0.243589	0.238934	0.558690
2021-07-29 06:18:32.000000 	165.000000	59.108168	-159.091509	657.008028	-0.035454	-0.002884	0.081202	0.343289	0.278422	0.509267	-0.155465	0.012386	-0.009959	0.087215	0.250914	0.246120	0.575487
2021-07-29 06:18:33.000000 	166.000000	59.108168	-159.091509	657.008028	-0.054453	-0.001436	0.056881	0.259823	0.210736	0.385452	-0.111625	-0.014887	-0.018092	0.075191	0.189912	0.186284	0.435571
2021-07-29 06:18:34.000000 	167.000000	59.108168	-159.091509	657.008028	-0.025735	0.000976	0.041873	0.360954	0.292772	0.535490	-0.185017	0.001167	-0.010096	0.048096	0.263838	0.258798	0.605116
2021-07-29 06:18:35.000000 	168.000000	59.108168	-159.091509	657.008028	-0.043128	-0.002801	0.057453	0.255199	0.207001	0.378603	-0.112090	-0.005933	-0.012775	0.070500	0.186540	0.182977	0.427829
2021-07-29 06:18:36.000000 	169.000000	59.108168	-159.091509	657.008028	-0.047991	-0.019018	0.069591	0.317128	0.257244	0.470486	-0.140239	-0.008566	0.000638	0.086221	0.231813	0.227386	0.531658
2021-07-29 06:18:37.000000 	170.000000	59.108168	-159.091509	657.008028	-0.050561	-0.010871	0.061693	0.305608	0.247908	0.453401	-0.136832	-0.012186	-0.007889	0.079182	0.223396	0.219131	0.512350
2021-07-29 06:18:38.000000 	171.000000	59.108168	-159.091509	657.008028	-0.045842	-0.014045	0.053552	0.351420	0.285081	0.521376	-0.167800	-0.013555	-0.003240	0.070515	0.256890	0.251986	0.589161
2021-07-29 06:18:39.000000 	172.000000	59.108168	-159.091509	657.008028	-0.040246	-0.005442	0.036462	0.278445	0.225890	0.413114	-0.134721	-0.015209	-0.009280	0.051589	0.203549	0.199664	0.466823
2021-07-29 06:18:40.000000 	173.000000	59.108168	-159.091509	657.008028	-0.051296	-0.010746	0.044357	0.287235	0.233030	0.426162	-0.132843	-0.021638	-0.008269	0.064636	0.209979	0.205972	0.481565
2021-07-29 06:18:41.000000 	174.000000	59.108168	-159.091509	657.008028	-0.038039	-0.003302	0.046972	0.343913	0.279023	0.510261	-0.169353	-0.007388	-0.010491	0.059157	0.251418	0.246621	0.576596
2021-07-29 06:18:42.000000 	175.000000	59.108168	-159.091509	657.008028	-0.044264	-0.019246	0.040530	0.268026	0.217463	0.397674	-0.124429	-0.020569	0.002181	0.059536	0.195945	0.192207	0.449371
2021-07-29 06:18:43.000000 	176.000000	59.108168	-159.091509	657.008028	-0.043054	-0.003015	0.045232	0.314063	0.254824	0.465986	-0.151315	-0.012213	-0.012548	0.060017	0.229606	0.225226	0.526563
2021-07-29 06:18:44.000000 	177.000000	59.108168	-159.091509	657.008028	-0.039382	-0.002982	0.065229	0.329977	0.267747	0.489606	-0.153462	0.001007	-0.011269	0.075410	0.241246	0.236645	0.553252
2021-07-29 06:18:45.000000 	178.000000	59.108168	-159.091509	657.008028	-0.037771	0.001052	0.015084	0.287482	0.233275	0.426560	-0.149579	-0.022212	-0.014462	0.030867	0.210182	0.206174	0.482009
2021-07-29 06:18:46.000000 	179.000000	59.108168	-159.091509	657.008028	-0.041183	-0.006164	0.056260	0.349353	0.283490	0.518371	-0.167628	-0.006016	-0.008939	0.069161	0.255422	0.250553	0.585752
2021-07-29 06:18:47.000000 	180.000000	59.108168	-159.091509	657.008028	-0.037241	-0.003288	0.047965	0.272642	0.221250	0.404553	-0.127849	-0.006235	-0.010219	0.059624	0.199341	0.195541	0.457138
2021-07-29 06:18:48.000000 	181.000000	59.108168	-159.091509	657.008028	-0.029475	0.005618	0.044263	0.249648	0.202598	0.370439	-0.118896	0.000818	-0.015767	0.051091	0.182533	0.179054	0.418589
2021-07-29 06:18:49.000000 	182.000000	59.108168	-159.091509	657.008028	-0.032380	0.005678	0.056823	0.330908	0.268553	0.491024	-0.160100	0.004956	-0.016860	0.063251	0.241952	0.237341	0.554846
2021-07-29 06:18:50.000000 	183.000000	59.108168	-159.091509	657.008028	-0.040294	-0.001034	0.047900	0.273459	0.221939	0.405784	-0.127651	-0.008025	-0.013414	0.060619	0.199952	0.196142	0.458525
2021-07-29 06:18:51.000000 	184.000000	59.108168	-159.091509	657.008028	-0.037967	0.007063	0.068793	0.294054	0.238662	0.436350	-0.132189	0.007047	-0.020147	0.075949	0.215015	0.210918	0.493062
2021-07-29 06:18:52.000000 	185.000000	59.108168	-159.091509	657.008028	-0.051035	-0.017107	0.079913	0.351358	0.285182	0.521391	-0.155298	-0.005121	-0.002232	0.096188	0.256921	0.252027	0.589155
2021-07-29 06:18:53.000000 	186.000000	59.108168	-159.091509	657.008028	-0.044879	0.006041	0.045502	0.309359	0.251103	0.459075	-0.148653	-0.010765	-0.021659	0.059465	0.226216	0.221907	0.518738
2021-07-29 06:18:54.000000 	187.000000	59.108168	-159.091509	657.008028	-0.047990	-0.010766	0.056991	0.328150	0.266366	0.486967	-0.152676	-0.012507	-0.007069	0.073896	0.239962	0.235392	0.550253
2021-07-29 06:18:55.000000 	188.000000	59.108168	-159.091509	657.008028	-0.052626	-0.019209	0.064497	0.298560	0.242356	0.443062	-0.130212	-0.014955	-0.000837	0.084107	0.218329	0.214172	0.500641
2021-07-29 06:18:56.000000 	189.000000	59.108168	-159.091509	657.008028	-0.058922	-0.014309	0.053682	0.318103	0.258230	0.472071	-0.144498	-0.024054	-0.007661	0.076948	0.232625	0.228196	0.533419
2021-07-29 06:18:57.000000 	190.000000	59.108168	-159.091509	657.008028	-0.042885	-0.002425	0.040266	0.282658	0.229465	0.419476	-0.135192	-0.014447	-0.013039	0.055566	0.206709	0.202774	0.473987
2021-07-29 06:18:58.000000 	191.000000	59.108168	-159.091509	657.008028	-0.020689	-0.007950	0.023124	0.304370	0.247101	0.451704	-0.160416	-0.007147	0.000043	0.031223	0.222592	0.218356	0.510402
2021-07-29 06:18:59.000000 	192.000000	59.108168	-159.091509	657.008028	-0.045930	-0.010688	0.046076	0.294754	0.239303	0.437439	-0.138264	-0.016436	-0.006407	0.063526	0.215564	0.211462	0.494282
2021-07-29 06:19:00.000000 	193.000000	59.108168	-159.091509	657.008028	-0.037376	0.019850	0.036750	0.288023	0.233847	0.427456	-0.142786	-0.005015	-0.031882	0.045825	0.210646	0.206639	0.483000
2021-07-29 06:19:01.000000 	194.000000	59.108168	-159.091509	657.008028	-0.028734	-0.003998	0.047350	0.347964	0.282525	0.516422	-0.174138	0.000052	-0.006520	0.055147	0.254490	0.249649	0.583525
2021-07-29 06:19:02.000000 	195.000000	59.108168	-159.091509	657.008028	-0.048107	-0.005872	0.074741	0.262015	0.212748	0.388868	-0.107234	-0.001989	-0.011683	0.088287	0.191634	0.187989	0.439396
2021-07-29 06:19:03.000000 	196.000000	59.108168	-159.091509	657.008028	-0.041996	-0.000458	0.058734	0.318739	0.258816	0.473063	-0.149160	-0.003650	-0.014560	0.070628	0.233126	0.228693	0.534528
2021-07-29 06:19:04.000000 	197.000000	59.108168	-159.091509	657.008028	-0.055801	-0.004308	0.070172	0.316305	0.256849	0.469456	-0.138704	-0.010023	-0.015889	0.087770	0.231351	0.226952	0.530451
2021-07-29 06:19:05.000000 	198.000000	59.108168	-159.091509	657.008028	-0.040098	-0.006995	0.037250	0.314451	0.255353	0.466711	-0.155306	-0.015162	-0.007775	0.052479	0.230000	0.225627	0.527348
2021-07-29 06:19:06.000000 	199.000000	59.108168	-159.091509	657.008028	-0.033527	-0.007385	0.066178	0.292268	0.237348	0.433793	-0.132445	0.004839	-0.005066	0.074223	0.213779	0.209715	0.490152
2021-07-29 06:19:07.000000 	200.000000	59.108168	-159.091509	657.008028	-0.038224	-0.000836	0.037537	0.292025	0.237161	0.433439	-0.143285	-0.011626	-0.012860	0.050698	0.213607	0.209547	0.489751
2021-07-29 06:19:08.000000 	201.000000	59.108168	-159.091509	657.008028	-0.045371	-0.017710	0.066159	0.319722	0.259664	0.474555	-0.144166	-0.007827	0.000352	0.081778	0.233871	0.229427	0.536206
2021-07-29 06:19:09.000000 	202.000000	59.108168	-159.091509	657.008028	-0.042436	-0.003531	0.041457	0.365298	0.296690	0.542210	-0.182792	-0.013815	-0.011846	0.056575	0.267216	0.262138	0.612649
2021-07-29 06:19:10.000000 	203.000000	59.108168	-159.091509	657.008028	-0.030116	-0.005198	0.043457	0.250079	0.203118	0.371195	-0.118522	-0.003422	-0.005892	0.052689	0.182937	0.179461	0.419417
2021-07-29 06:19:11.000000 	204.000000	59.108168	-159.091509	657.008028	-0.050851	-0.009459	0.068091	0.324449	0.263533	0.481591	-0.145370	-0.008702	-0.009311	0.084554	0.237345	0.232836	0.544152
2021-07-29 06:19:12.000000 	205.000000	59.108168	-159.091509	657.008028	-0.049074	-0.010219	0.075943	0.302212	0.245481	0.448590	-0.129611	-0.003478	-0.007967	0.090578	0.221083	0.216884	0.506862
2021-07-29 06:19:13.000000 	206.000000	59.108168	-159.091509	657.008028	-0.046437	0.000892	0.050876	0.293901	0.238740	0.436261	-0.136738	-0.010832	-0.017405	0.065767	0.215008	0.210925	0.492930
2021-07-29 06:19:14.000000 	207.000000	59.108168	-159.091509	657.008028	-0.059377	-0.004301	0.057970	0.363973	0.295671	0.540280	-0.170369	-0.019153	-0.017173	0.079012	0.266276	0.261220	0.610460
2021-07-29 06:19:15.000000 	208.000000	59.108168	-159.091509	657.008028	-0.037143	-0.003442	0.035743	0.308567	0.250672	0.458043	-0.153722	-0.012478	-0.010040	0.049117	0.225748	0.221462	0.517539
2021-07-29 06:19:16.000000 	209.000000	59.108168	-159.091509	657.008028	-0.047607	-0.008083	0.059658	0.248980	0.202273	0.369595	-0.105912	-0.010009	-0.009439	0.075509	0.182158	0.178700	0.417601
2021-07-29 06:19:17.000000 	210.000000	59.108168	-159.091509	657.008028	-0.045151	-0.019454	0.057855	0.302165	0.245490	0.448552	-0.137244	-0.012448	0.002060	0.074866	0.221074	0.216878	0.506811
2021-07-29 06:19:18.000000 	211.000000	59.108168	-159.091509	657.008028	-0.034308	0.008355	0.050187	0.321336	0.261075	0.477017	-0.157053	0.000823	-0.020049	0.057991	0.235105	0.230644	0.538972
2021-07-29 06:19:19.000000 	212.000000	59.108168	-159.091509	657.008028	-0.031185	-0.009296	0.047075	0.343685	0.279244	0.510201	-0.170683	-0.003676	-0.002445	0.057056	0.251463	0.246692	0.576464
2021-07-29 06:19:20.000000 	213.000000	59.108168	-159.091509	657.008028	-0.042511	0.003422	0.053644	0.291421	0.236789	0.432621	-0.135549	-0.005488	-0.018368	0.065796	0.213228	0.209183	0.488807
2021-07-29 06:19:21.000000 	214.000000	59.108168	-159.091509	657.008028	-0.041321	0.003893	0.040659	0.379354	0.308249	0.563167	-0.192267	-0.011057	-0.018383	0.053996	0.277574	0.272308	0.636306
2021-07-29 06:19:22.000000 	215.000000	59.108168	-159.091509	657.008028	-0.047614	-0.005234	0.061714	0.246345	0.200179	0.365714	-0.103777	-0.008087	-0.012103	0.076755	0.180255	0.176836	0.413209
2021-07-29 06:19:23.000000 	216.000000	59.108168	-159.091509	657.008028	-0.050914	0.001318	0.076328	0.281849	0.229038	0.418429	-0.117930	-0.001222	-0.019401	0.089677	0.206239	0.202328	0.472767
2021-07-29 06:19:24.000000 	217.000000	59.108168	-159.091509	657.008028	-0.031105	0.013386	0.042474	0.276623	0.224800	0.410676	-0.135445	0.000971	-0.023605	0.048914	0.202420	0.198582	0.464007
2021-07-29 06:19:25.000000 	218.000000	59.108168	-159.091509	657.008028	-0.042487	-0.016181	0.069237	0.380249	0.309024	0.564527	-0.179107	-0.003467	-0.000047	0.082757	0.278254	0.272979	0.637834
2021-07-29 06:19:26.000000 	219.000000	59.108168	-159.091509	657.008028	-0.033115	-0.003537	0.049812	0.264573	0.215024	0.392796	-0.123694	-0.002054	-0.008514	0.059276	0.193610	0.189940	0.443802
2021-07-29 06:19:27.000000 	220.000000	59.108168	-159.091509	657.008028	-0.050952	0.003465	0.070852	0.339695	0.276088	0.504334	-0.154168	-0.003407	-0.021421	0.084603	0.248590	0.243878	0.569821
2021-07-29 06:19:28.000000 	221.000000	59.108168	-159.091509	657.008028	-0.047945	-0.007940	0.054194	0.315590	0.256506	0.468551	-0.146915	-0.013042	-0.009694	0.070956	0.230955	0.226578	0.529391
2021-07-29 06:19:29.000000 	222.000000	59.108168	-159.091509	657.008028	-0.057580	-0.015713	0.077366	0.286634	0.232981	0.425567	-0.116989	-0.011248	-0.005871	0.096886	0.209769	0.205795	0.480824
2021-07-29 06:19:30.000000 	223.000000	59.108168	-159.091509	657.008028	-0.038874	0.001448	0.049957	0.331006	0.269058	0.491453	-0.161025	-0.005071	-0.015226	0.061249	0.242248	0.237659	0.555263
2021-07-29 06:19:31.000000 	224.000000	59.108168	-159.091509	657.008028	-0.049598	-0.008354	0.056445	0.274436	0.223083	0.407467	-0.121508	-0.013338	-0.009896	0.073756	0.200852	0.197047	0.460371
2021-07-29 06:19:32.000000 	225.000000	59.108168	-159.091509	657.008028	-0.051515	-0.016777	0.049377	0.286015	0.232505	0.424665	-0.129674	-0.021083	-0.002712	0.070154	0.209331	0.205367	0.479801
2021-07-29 06:19:33.000000 	226.000000	59.108168	-159.091509	657.008028	-0.035460	-0.002695	0.038988	0.334901	0.272256	0.497256	-0.168338	-0.009234	-0.010137	0.050958	0.245116	0.240474	0.561815
2021-07-29 06:19:34.000000 	227.000000	59.108168	-159.091509	657.008028	-0.049110	-0.003180	0.069391	0.313428	0.254809	0.465380	-0.139542	-0.004715	-0.014555	0.083684	0.229406	0.225062	0.525798
2021-07-29 06:19:35.000000 	228.000000	59.108168	-159.091509	657.008028	-0.042140	-0.007231	0.050086	0.285925	0.232459	0.424549	-0.133116	-0.010280	-0.008284	0.064517	0.209281	0.205318	0.479665
2021-07-29 06:19:36.000000 	229.000000	59.108168	-159.091509	657.008028	-0.033282	0.003706	0.063834	0.286496	0.232932	0.425402	-0.131134	0.007228	-0.015339	0.070062	0.209703	0.205733	0.480627
2021-07-29 06:19:37.000000 	230.000000	59.108168	-159.091509	657.008028	-0.040186	-0.010058	0.046442	0.305109	0.248075	0.453046	-0.146043	-0.011450	-0.004945	0.060970	0.223333	0.219106	0.511858
2021-07-29 06:19:38.000000 	231.000000	59.108168	-159.091509	657.008028	-0.041895	0.002240	0.059215	0.283255	0.230316	0.420602	-0.128668	-0.002497	-0.017044	0.070498	0.207341	0.203417	0.475201
2021-07-29 06:19:39.000000 	232.000000	59.108168	-159.091509	657.008028	-0.055646	-0.011789	0.087567	0.337856	0.274722	0.501684	-0.143651	-0.003260	-0.008846	0.103993	0.247314	0.242635	0.566806
2021-07-29 06:19:40.000000 	233.000000	59.108168	-159.091509	657.008028	-0.037375	0.003152	0.032741	0.347722	0.282755	0.516340	-0.178226	-0.012186	-0.016283	0.045444	0.254542	0.249726	0.583363
2021-07-29 06:19:41.000000 	234.000000	59.108168	-159.091509	657.008028	-0.052606	-0.002584	0.070266	0.273066	0.222057	0.405488	-0.114628	-0.006887	-0.016360	0.086002	0.199897	0.196116	0.458121
2021-07-29 06:19:42.000000 	235.000000	59.108168	-159.091509	657.008028	-0.037278	-0.002092	0.060232	0.264399	0.215017	0.392623	-0.118271	0.000400	-0.011349	0.069950	0.193557	0.189896	0.443584
2021-07-29 06:19:43.000000 	236.000000	59.108168	-159.091509	657.008028	-0.055742	-0.006562	0.055582	0.364477	0.296415	0.541242	-0.172667	-0.018157	-0.013763	0.075633	0.266827	0.261781	0.611492
2021-07-29 06:19:44.000000 	237.000000	59.108168	-159.091509	657.008028	-0.037639	-0.005264	0.063302	0.260730	0.212050	0.387184	-0.114497	0.000716	-0.008515	0.073338	0.190880	0.187271	0.437437
2021-07-29 06:19:45.000000 	238.000000	59.108168	-159.091509	657.008028	-0.049312	0.000938	0.063462	0.330546	0.268842	0.490868	-0.152261	-0.006660	-0.018475	0.077938	0.241999	0.237423	0.554577
2021-07-29 06:19:46.000000 	239.000000	59.108168	-159.091509	657.008028	-0.055674	-0.008388	0.075040	0.331132	0.269329	0.491745	-0.145250	-0.008671	-0.012033	0.092634	0.242434	0.237851	0.555566
2021-07-29 06:19:47.000000 	240.000000	59.108168	-159.091509	657.008028	-0.032177	-0.002977	0.039983	0.283138	0.230301	0.420477	-0.138873	-0.006178	-0.008702	0.050289	0.207300	0.203382	0.475046
2021-07-29 06:19:48.000000 	241.000000	59.108168	-159.091509	657.008028	-0.046702	-0.001806	0.062564	0.322997	0.262733	0.479676	-0.148800	-0.005869	-0.014980	0.076418	0.236489	0.232019	0.541927
2021-07-29 06:19:49.000000 	242.000000	59.108168	-159.091509	657.008028	-0.062508	-0.012066	0.081449	0.301739	0.245451	0.448113	-0.123069	-0.011986	-0.011036	0.102085	0.220930	0.216755	0.506266
2021-07-29 06:19:50.000000 	243.000000	59.108168	-159.091509	657.008028	-0.032182	-0.004727	0.059660	0.333955	0.271668	0.495964	-0.160184	0.003385	-0.007070	0.067497	0.244525	0.239904	0.560324
2021-07-29 06:19:51.000000 	244.000000	59.108168	-159.091509	657.008028	-0.050706	-0.006589	0.055753	0.304311	0.247563	0.451945	-0.139110	-0.014041	-0.011941	0.073370	0.222825	0.218615	0.510592
2021-07-29 06:19:52.000000 	245.000000	59.108168	-159.091509	657.008028	-0.047251	0.004953	0.062907	0.285891	0.232587	0.424594	-0.127333	-0.004063	-0.021489	0.075738	0.209342	0.205388	0.479690
2021-07-29 06:19:53.000000 	246.000000	59.108168	-159.091509	657.008028	-0.036405	-0.006253	0.053448	0.311433	0.253376	0.462533	-0.148384	-0.003657	-0.007151	0.064472	0.228050	0.223743	0.522550
2021-07-29 06:19:54.000000 	247.000000	59.108168	-159.091509	657.008028	-0.051427	-0.008505	0.056747	0.270409	0.220009	0.401611	-0.118547	-0.014696	-0.010408	0.074920	0.198015	0.194276	0.453722
2021-07-29 06:19:55.000000 	248.000000	59.108168	-159.091509	657.008028	-0.045004	0.002422	0.055925	0.289565	0.235604	0.430066	-0.132868	-0.006622	-0.018323	0.069132	0.212048	0.208044	0.485868
2021-07-29 06:19:56.000000 	249.000000	59.108168	-159.091509	657.008028	-0.050748	-0.007537	0.068277	0.301455	0.245288	0.447732	-0.132281	-0.007935	-0.011069	0.084311	0.220761	0.216592	0.505824
2021-07-29 06:19:57.000000 	250.000000	59.108168	-159.091509	657.008028	-0.040762	-0.003639	0.076832	0.339814	0.276511	0.504710	-0.154223	0.005656	-0.011147	0.086150	0.248858	0.244160	0.570193
2021-07-29 06:19:58.000000 	251.000000	59.108168	-159.091509	657.008028	-0.041806	-0.010001	0.054806	0.254868	0.207397	0.378548	-0.113043	-0.008437	-0.005577	0.068914	0.186653	0.183130	0.427661
2021-07-29 06:19:59.000000 	252.000000	59.108168	-159.091509	657.008028	-0.044379	0.002598	0.061200	0.259943	0.211536	0.386091	-0.113602	-0.003359	-0.018264	0.073327	0.190375	0.186782	0.436181
2021-07-29 06:20:00.000000 	253.000000	59.108168	-159.091509	657.008028	-0.050367	-0.003781	0.073382	0.366974	0.298647	0.545071	-0.168816	-0.003857	-0.014443	0.087821	0.268768	0.263696	0.615784
2021-07-29 06:20:01.000000 	254.000000	59.108168	-159.091509	657.008028	-0.049503	-0.000593	0.057493	0.302013	0.245790	0.448588	-0.137954	-0.010347	-0.017113	0.073188	0.221196	0.217023	0.506784
2021-07-29 06:20:02.000000 	255.000000	59.108168	-159.091509	657.008028	-0.051782	-0.004722	0.081119	0.314441	0.255915	0.467054	-0.134475	-0.001308	-0.014069	0.095311	0.230305	0.225960	0.527643
2021-07-29 06:20:03.000000 	256.000000	59.108168	-159.091509	657.008028	-0.058170	-0.010083	0.072290	0.310495	0.252714	0.461200	-0.133512	-0.012604	-0.011340	0.091781	0.227421	0.223131	0.521027
2021-07-29 06:20:04.000000 	257.000000	59.108168	-159.091509	657.008028	-0.036528	0.002413	0.055231	0.267404	0.217650	0.397198	-0.122736	-0.000186	-0.015290	0.064473	0.195864	0.192169	0.448722
2021-07-29 06:20:05.000000 	258.000000	59.108168	-159.091509	657.008028	-0.038560	-0.010146	0.047029	0.350925	0.285643	0.521266	-0.172996	-0.009872	-0.004284	0.060711	0.257046	0.252198	0.588882
2021-07-29 06:20:06.000000 	259.000000	59.108168	-159.091509	657.008028	-0.055416	-0.000344	0.065701	0.250366	0.203799	0.371900	-0.102565	-0.010797	-0.019455	0.083022	0.183393	0.179935	0.420139
2021-07-29 06:20:07.000000 	260.000000	59.108168	-159.091509	657.008028	-0.053048	-0.006797	0.070850	0.303223	0.246834	0.450420	-0.131684	-0.008231	-0.012582	0.087486	0.222116	0.217929	0.508843
2021-07-29 06:20:08.000000 	261.000000	59.108168	-159.091509	657.008028	-0.036089	-0.001467	0.059191	0.309748	0.252156	0.460118	-0.145605	0.001010	-0.011509	0.068371	0.226902	0.222624	0.519797
2021-07-29 06:20:09.000000 	262.000000	59.108168	-159.091509	657.008028	-0.039856	-0.005070	0.054842	0.282923	0.230328	0.420277	-0.130428	-0.005346	-0.009487	0.067106	0.207257	0.203350	0.474786
2021-07-29 06:20:10.000000 	263.000000	59.108168	-159.091509	657.008028	-0.057041	-0.005987	0.077993	0.349744	0.284738	0.519544	-0.154813	-0.007517	-0.014764	0.095383	0.256213	0.251384	0.586926
2021-07-29 06:20:11.000000 	264.000000	59.108168	-159.091509	657.008028	-0.047287	-0.006802	0.059935	0.268571	0.218661	0.398967	-0.117653	-0.009218	-0.010521	0.075358	0.196753	0.193045	0.450710
2021-07-29 06:20:12.000000 	265.000000	59.108168	-159.091509	657.008028	-0.041446	0.001693	0.070208	0.288291	0.234726	0.428267	-0.127241	0.003340	-0.016373	0.079816	0.211206	0.207226	0.483808
2021-07-29 06:20:13.000000 	266.000000	59.108168	-159.091509	657.008028	-0.048668	-0.001008	0.061838	0.371824	0.302751	0.552365	-0.177143	-0.007574	-0.016426	0.076592	0.272410	0.267278	0.623998
2021-07-29 06:20:14.000000 	267.000000	59.108168	-159.091509	657.008028	-0.049892	-0.003697	0.056432	0.250350	0.203851	0.371913	-0.107884	-0.012154	-0.014352	0.073032	0.183419	0.179964	0.420143
2021-07-29 06:20:15.000000 	268.000000	59.108168	-159.091509	657.008028	-0.047463	-0.012687	0.063652	0.352895	0.287361	0.524257	-0.164717	-0.009253	-0.005087	0.079711	0.258555	0.253685	0.592241
2021-07-29 06:20:16.000000 	269.000000	59.108168	-159.091509	657.008028	-0.051306	-0.003431	0.076286	0.236198	0.192343	0.350898	-0.090909	-0.003012	-0.015105	0.090699	0.173059	0.169800	0.396400
2021-07-29 06:20:17.000000 	270.000000	59.108168	-159.091509	657.008028	-0.052925	-0.001621	0.073799	0.316046	0.257376	0.469527	-0.138440	-0.005033	-0.017374	0.089010	0.231569	0.227208	0.530410
2021-07-29 06:20:18.000000 	271.000000	59.108168	-159.091509	657.008028	-0.029958	-0.003228	0.048442	0.283388	0.230790	0.421015	-0.136300	-0.000132	-0.007676	0.056530	0.207646	0.203736	0.475606
2021-07-29 06:20:19.000000 	272.000000	59.108168	-159.091509	657.008028	-0.056901	0.001670	0.074920	0.365985	0.298068	0.543731	-0.166225	-0.006637	-0.021866	0.091276	0.268174	0.263125	0.614232
2021-07-29 06:20:20.000000 	273.000000	59.108168	-159.091509	657.008028	-0.040311	-0.003421	0.055198	0.257890	0.210041	0.383143	-0.115737	-0.005022	-0.011191	0.067328	0.188972	0.185415	0.432820
2021-07-29 06:20:21.000000 	274.000000	59.108168	-159.091509	657.008028	-0.051646	-0.004507	0.087270	0.301568	0.245624	0.448039	-0.124477	0.002025	-0.014221	0.100486	0.220984	0.216824	0.506129
2021-07-29 06:20:22.000000 	275.000000	59.108168	-159.091509	657.008028	-0.041512	-0.001534	0.066467	0.292657	0.238377	0.434807	-0.131159	0.000378	-0.013381	0.077229	0.214460	0.210424	0.491180
2021-07-29 06:20:23.000000 	276.000000	59.108168	-159.091509	657.008028	-0.050450	-0.004136	0.061943	0.342715	0.279161	0.509183	-0.159429	-0.009906	-0.014141	0.078110	0.251148	0.246422	0.575198
2021-07-29 06:20:24.000000 	277.000000	59.108168	-159.091509	657.008028	-0.053350	-0.009168	0.063177	0.228701	0.186298	0.339793	-0.090941	-0.013138	-0.010475	0.081482	0.167601	0.164448	0.383845
2021-07-29 06:20:25.000000 	278.000000	59.108168	-159.091509	657.008028	-0.040348	-0.007101	0.077013	0.384748	0.313425	0.571648	-0.180278	0.005021	-0.007766	0.086740	0.281966	0.276662	0.645757
2021-07-29 06:20:26.000000 	279.000000	59.108168	-159.091509	657.008028	-0.055321	0.006395	0.074274	0.279726	0.227880	0.415614	-0.116764	-0.004255	-0.025716	0.089099	0.205005	0.201149	0.469492
2021-07-29 06:20:27.000000 	280.000000	59.108168	-159.091509	657.008028	-0.048461	-0.013031	0.064576	0.304639	0.248186	0.452635	-0.135971	-0.009684	-0.005121	0.081045	0.223269	0.219070	0.511311
2021-07-29 06:20:28.000000 	281.000000	59.108168	-159.091509	657.008028	-0.051355	0.003586	0.071274	0.237648	0.193617	0.353104	-0.094330	-0.003476	-0.021677	0.085136	0.174176	0.170901	0.398876
2021-07-29 06:20:29.000000 	282.000000	59.108168	-159.091509	657.008028	-0.040853	-0.003918	0.075087	0.396515	0.323063	0.589160	-0.188092	0.004602	-0.010919	0.084746	0.290621	0.285156	0.665529
2021-07-29 06:20:30.000000 	283.000000	59.108168	-159.091509	657.008028	-0.049324	-0.005587	0.057263	0.289625	0.235983	0.430343	-0.130606	-0.011851	-0.012384	0.073819	0.212283	0.208291	0.486124
2021-07-29 06:20:31.000000 	284.000000	59.108168	-159.091509	657.008028	-0.040578	0.002453	0.067317	0.236868	0.193005	0.351957	-0.098727	0.002785	-0.016772	0.076780	0.173619	0.170354	0.397577
2021-07-29 06:20:32.000000 	285.000000	59.108168	-159.091509	657.008028	-0.059995	-0.014113	0.087590	0.321694	0.262134	0.478004	-0.132987	-0.007446	-0.008227	0.106525	0.235800	0.231368	0.539960
2021-07-29 06:20:33.000000 	286.000000	59.108168	-159.091509	657.008028	-0.046408	0.007977	0.063736	0.283150	0.230735	0.420736	-0.125984	-0.002036	-0.024014	0.075490	0.207553	0.203652	0.475267
2021-07-29 06:20:34.000000 	287.000000	59.108168	-159.091509	657.008028	-0.053344	-0.009693	0.063911	0.279009	0.227370	0.414588	-0.120151	-0.012917	-0.009983	0.082205	0.204523	0.200679	0.468321
2021-07-29 06:20:35.000000 	288.000000	59.108168	-159.091509	657.008028	-0.065254	-0.009116	0.093776	0.360802	0.294037	0.536134	-0.152204	-0.006955	-0.014772	0.113439	0.264488	0.259517	0.605618
2021-07-29 06:20:36.000000 	289.000000	59.108168	-159.091509	657.008028	-0.039337	0.004020	0.059970	0.293806	0.239448	0.436586	-0.135614	0.000487	-0.017794	0.069592	0.215381	0.211334	0.493166
2021-07-29 06:20:37.000000 	290.000000	59.108168	-159.091509	657.008028	-0.047652	0.003082	0.068626	0.290763	0.236977	0.432070	-0.127768	-0.002022	-0.019885	0.081180	0.213157	0.209152	0.488063
2021-07-29 06:20:38.000000 	291.000000	59.108168	-159.091509	657.008028	-0.045256	0.001997	0.054941	0.275223	0.224321	0.408983	-0.124971	-0.007459	-0.018017	0.068486	0.201770	0.197980	0.461983
2021-07-29 06:20:39.000000 	292.000000	59.108168	-159.091509	657.008028	-0.048119	-0.011476	0.082061	0.336617	0.274371	0.500219	-0.147690	0.000043	-0.006453	0.095601	0.246785	0.242149	0.565040
2021-07-29 06:20:40.000000 	293.000000	59.108168	-159.091509	657.008028	-0.053766	-0.007156	0.079864	0.325558	0.265368	0.483792	-0.140924	-0.004288	-0.012503	0.095632	0.238684	0.234201	0.546482
2021-07-29 06:20:41.000000 	294.000000	59.108168	-159.091509	657.008028	-0.038556	-0.002542	0.054042	0.274493	0.223753	0.407911	-0.126562	-0.003940	-0.011385	0.065333	0.201251	0.197471	0.460768
2021-07-29 06:20:42.000000 	295.000000	59.108168	-159.091509	657.008028	-0.047644	-0.004443	0.075208	0.260912	0.212692	0.387735	-0.107017	-0.000940	-0.012852	0.088204	0.191299	0.187707	0.437975
2021-07-29 06:20:43.000000 	296.000000	59.108168	-159.091509	657.008028	-0.052469	0.001102	0.070107	0.302883	0.246915	0.450111	-0.132718	-0.005729	-0.019754	0.085124	0.222077	0.217908	0.508432
2021-07-29 06:20:44.000000 	297.000000	59.108168	-159.091509	657.008028	-0.050695	-0.006731	0.078396	0.250033	0.203840	0.371576	-0.098214	-0.002450	-0.011804	0.092822	0.183332	0.179891	0.419719
2021-07-29 06:20:45.000000 	298.000000	59.108168	-159.091509	657.008028	-0.047405	0.010983	0.076833	0.383309	0.312506	0.569645	-0.179038	0.004810	-0.027178	0.086657	0.281062	0.275787	0.643450
2021-07-29 06:20:46.000000 	299.000000	59.108168	-159.091509	657.008028	-0.046853	-0.014754	0.075406	0.291336	0.237531	0.432966	-0.124110	-0.003363	-0.002938	0.089883	0.213629	0.209619	0.489061
2021-07-29 06:20:47.000000 	300.000000	59.108168	-159.091509	657.008028	-0.054329	0.005267	0.059332	0.291957	0.238047	0.433894	-0.130442	-0.011477	-0.024309	0.076007	0.214090	0.210072	0.490107
2021-07-29 06:20:48.000000 	301.000000	59.108168	-159.091509	657.008028	-0.055081	-0.009791	0.072969	0.321985	0.262541	0.478526	-0.141121	-0.009689	-0.010511	0.090829	0.236116	0.231685	0.540520
2021-07-29 06:20:49.000000 	302.000000	59.108168	-159.091509	657.008028	-0.043494	-0.003658	0.062808	0.256715	0.209330	0.381528	-0.111068	-0.003740	-0.012105	0.075428	0.188258	0.184725	0.430954
2021-07-29 06:20:50.000000 	303.000000	59.108168	-159.091509	657.008028	-0.040234	0.007821	0.074407	0.314679	0.256605	0.467679	-0.141792	0.008344	-0.021665	0.081715	0.230771	0.226441	0.528263
2021-07-29 06:20:51.000000 	304.000000	59.108168	-159.091509	657.008028	-0.049023	-0.002749	0.076417	0.261707	0.213418	0.388956	-0.106727	-0.000906	-0.014927	0.089592	0.191929	0.188329	0.439341
2021-07-29 06:20:52.000000 	305.000000	59.108168	-159.091509	657.008028	-0.057850	-0.013430	0.086830	0.315272	0.257110	0.468571	-0.130334	-0.005907	-0.008100	0.104719	0.231218	0.226881	0.529267
2021-07-29 06:20:53.000000 	306.000000	59.108168	-159.091509	657.008028	-0.060333	0.008058	0.078436	0.275014	0.224288	0.408742	-0.110877	-0.005627	-0.029059	0.094769	0.201699	0.197916	0.461687
2021-07-29 06:20:54.000000 	307.000000	59.108168	-159.091509	657.008028	-0.049823	-0.006088	0.059524	0.344596	0.281047	0.512165	-0.161690	-0.011244	-0.012094	0.076091	0.252738	0.247998	0.578503
2021-07-29 06:20:55.000000 	308.000000	59.108168	-159.091509	657.008028	-0.034041	-0.000437	0.082577	0.235415	0.192009	0.349896	-0.092899	0.014975	-0.011740	0.087269	0.172666	0.169429	0.395216
2021-07-29 06:20:56.000000 	309.000000	59.108168	-159.091509	657.008028	-0.053665	0.001341	0.070397	0.349286	0.284895	0.519147	-0.159467	-0.006465	-0.020405	0.085903	0.256192	0.251389	0.586386
2021-07-29 06:20:57.000000 	310.000000	59.108168	-159.091509	657.008028	-0.049979	-0.009853	0.070136	0.246329	0.200927	0.366125	-0.099535	-0.007073	-0.008632	0.085962	0.180681	0.177294	0.413544
2021-07-29 06:20:58.000000 	311.000000	59.108168	-159.091509	657.008028	-0.050924	0.000779	0.070818	0.307350	0.250711	0.456828	-0.135551	-0.004224	-0.018901	0.085053	0.225446	0.221220	0.515992
2021-07-29 06:20:59.000000 	312.000000	59.108168	-159.091509	657.008028	-0.049466	0.006430	0.080506	0.270649	0.220783	0.402283	-0.110687	0.003649	-0.023660	0.091631	0.198531	0.194810	0.454381
2021-07-29 06:21:00.000000 	313.000000	59.108168	-159.091509	657.008028	-0.041847	-0.004325	0.080346	0.329975	0.269189	0.490468	-0.146978	0.006381	-0.010894	0.089810	0.242055	0.237519	0.553984
2021-07-29 06:21:01.000000 	314.000000	59.108168	-159.091509	657.008028	-0.064777	-0.004212	0.082109	0.275023	0.224369	0.408793	-0.107303	-0.011061	-0.019183	0.102301	0.201751	0.197970	0.461731
2021-07-29 06:21:02.000000 	315.000000	59.108168	-159.091509	657.008028	-0.041186	-0.013106	0.057550	0.309849	0.252791	0.460563	-0.144123	-0.007482	-0.002456	0.071541	0.227304	0.223045	0.520203
2021-07-29 06:21:03.000000 	316.000000	59.108168	-159.091509	657.008028	-0.049736	0.005235	0.077767	0.315947	0.257776	0.469632	-0.138339	0.001660	-0.022640	0.089629	0.231784	0.227442	0.530445
2021-07-29 06:21:04.000000 	317.000000	59.108168	-159.091509	657.008028	-0.054461	-0.009961	0.090788	0.292999	0.239064	0.435527	-0.116929	-0.000096	-0.010131	0.105854	0.214955	0.210929	0.491921
2021-07-29 06:21:05.000000 	318.000000	59.108168	-159.091509	657.008028	-0.062875	-0.001075	0.071110	0.244758	0.199711	0.363824	-0.094792	-0.014222	-0.021435	0.091375	0.179569	0.176206	0.410932
2021-07-29 06:21:06.000000 	319.000000	59.108168	-159.091509	657.008028	-0.043189	-0.004117	0.088793	0.311810	0.254433	0.463498	-0.132420	0.009705	-0.011567	0.097664	0.228769	0.224484	0.523511
2021-07-29 06:21:07.000000 	320.000000	59.108168	-159.091509	657.008028	-0.050851	0.000803	0.073978	0.296533	0.241976	0.440793	-0.127966	-0.002537	-0.018898	0.087725	0.217566	0.213492	0.497865
2021-07-29 06:21:08.000000 	321.000000	59.108168	-159.091509	657.008028	-0.046381	-0.003677	0.068712	0.242838	0.198169	0.360981	-0.099687	-0.003029	-0.013117	0.081883	0.178176	0.174839	0.407717
2021-07-29 06:21:09.000000 	322.000000	59.108168	-159.091509	657.008028	-0.048139	0.008088	0.073923	0.281754	0.229936	0.418834	-0.120548	0.001841	-0.024735	0.085042	0.206735	0.202864	0.473059
2021-07-29 06:21:10.000000 	323.000000	59.108168	-159.091509	657.008028	-0.056971	-0.013149	0.067087	0.360945	0.294575	0.536560	-0.165522	-0.015253	-0.008048	0.087303	0.264848	0.259890	0.606024
2021-07-29 06:21:11.000000 	324.000000	59.108168	-159.091509	657.008028	-0.055889	-0.005482	0.091509	0.259847	0.212076	0.386278	-0.097040	0.000501	-0.014825	0.106337	0.190672	0.187102	0.436284
2021-07-29 06:21:12.000000 	325.000000	59.108168	-159.091509	657.008028	-0.041699	0.007583	0.062226	0.299791	0.244686	0.445662	-0.137894	0.000843	-0.021965	0.072009	0.219988	0.215871	0.503355
2021-07-29 06:21:13.000000 	326.000000	59.108168	-159.091509	657.008028	-0.061061	-0.007066	0.100903	0.290910	0.237447	0.432463	-0.109700	0.000693	-0.015190	0.117169	0.213477	0.209482	0.488446
2021-07-29 06:21:14.000000 	327.000000	59.108168	-159.091509	657.008028	-0.045339	-0.007760	0.077016	0.261920	0.213794	0.389372	-0.107386	0.000820	-0.008932	0.089257	0.192209	0.188612	0.439774
2021-07-29 06:21:15.000000 	328.000000	59.108168	-159.091509	657.008028	-0.054810	0.010273	0.061614	0.304891	0.248879	0.453258	-0.137366	-0.009157	-0.029157	0.077278	0.223750	0.219563	0.511928
2021-07-29 06:21:16.000000 	329.000000	59.108168	-159.091509	657.008028	-0.042844	0.000718	0.084554	0.312044	0.254729	0.463897	-0.134879	0.009286	-0.015960	0.092976	0.229006	0.224721	0.523942
2021-07-29 06:21:17.000000 	330.000000	59.108168	-159.091509	657.008028	-0.044263	-0.012247	0.051828	0.275958	0.225280	0.410253	-0.125943	-0.012623	-0.004356	0.067948	0.202528	0.198739	0.463354
2021-07-29 06:21:18.000000 	331.000000	59.108168	-159.091509	657.008028	-0.049843	0.001442	0.094866	0.309428	0.252614	0.460017	-0.127017	0.009192	-0.019135	0.105050	0.227099	0.222851	0.519557
