2021-07-29 06:12:43.000000 	-184.000000	56.950586	-154.183044	126.851214	-0.030437	-0.021851	0.019071	0.287623	0.229892	0.422577	-0.147496	-0.020541	0.006415	0.036118	0.210941	0.203311	0.477826
2021-07-29 06:12:44.000000 	-183.000000	56.950586	-154.183044	126.851214	-0.025387	-0.013758	-0.001883	0.341399	0.272881	0.501596	-0.188937	-0.025205	0.001329	0.014152	0.250382	0.241323	0.567175
2021-07-29 06:12:45.000000 	-182.000000	56.950586	-154.183044	126.851214	-0.029407	-0.014322	0.017256	0.329273	0.263197	0.483791	-0.173403	-0.018006	0.000086	0.032302	0.241491	0.232753	0.547042
2021-07-29 06:12:46.000000 	-181.000000	56.950586	-154.183044	126.851214	-0.041898	-0.020097	0.006750	0.296303	0.236850	0.435359	-0.153950	-0.035269	-0.000156	0.031000	0.217312	0.209448	0.492278
2021-07-29 06:12:47.000000 	-180.000000	56.950586	-154.183044	126.851214	-0.029557	-0.014900	0.010327	0.340536	0.272216	0.500363	-0.182474	-0.022109	0.000541	0.026705	0.249755	0.240717	0.565781
2021-07-29 06:12:48.000000 	-179.000000	56.950586	-154.183044	126.851214	-0.024302	-0.007971	0.003643	0.351933	0.281335	0.517120	-0.193827	-0.019260	-0.003408	0.016877	0.258116	0.248774	0.584728
2021-07-29 06:12:49.000000 	-178.000000	56.950586	-154.183044	126.851214	-0.033969	-0.017357	0.013142	0.256141	0.204765	0.376375	-0.131053	-0.024800	0.000831	0.031815	0.187862	0.181061	0.425582
2021-07-29 06:12:50.000000 	-177.000000	56.950586	-154.183044	126.851214	-0.033643	-0.015977	0.017237	0.359567	0.287455	0.528362	-0.189513	-0.021816	-0.000269	0.034759	0.263720	0.254173	0.597440
2021-07-29 06:12:51.000000 	-176.000000	56.950586	-154.183044	126.851214	-0.029950	-0.017031	0.023605	0.339788	0.271651	0.499310	-0.176549	-0.015942	0.002288	0.038534	0.249215	0.240192	0.564589
2021-07-29 06:12:52.000000 	-175.000000	56.950586	-154.183044	126.851214	-0.039968	-0.024996	0.016547	0.309878	0.247746	0.455368	-0.158163	-0.030258	0.005096	0.039427	0.227280	0.219050	0.514902
2021-07-29 06:12:53.000000 	-174.000000	56.950586	-154.183044	126.851214	-0.016872	-0.006597	-0.012562	0.293319	0.234514	0.431044	-0.168424	-0.021989	-0.001409	-0.000680	0.215136	0.207345	0.487397
2021-07-29 06:12:54.000000 	-173.000000	56.950586	-154.183044	126.851214	-0.048905	-0.022571	0.032896	0.325141	0.259964	0.477818	-0.158350	-0.027199	-0.000980	0.056943	0.238478	0.229841	0.540287
2021-07-29 06:12:55.000000 	-172.000000	56.950586	-154.183044	126.851214	-0.020488	-0.009427	-0.006014	0.285146	0.227993	0.419052	-0.159916	-0.022180	-0.000437	0.007256	0.209145	0.201570	0.473837
2021-07-29 06:12:56.000000 	-171.000000	56.950586	-154.183044	126.851214	-0.032958	-0.012397	0.031085	0.346615	0.277150	0.509399	-0.177182	-0.012441	-0.003193	0.045180	0.254233	0.245023	0.575995
2021-07-29 06:12:57.000000 	-170.000000	56.950586	-154.183044	126.851214	-0.032186	-0.014684	-0.003755	0.312643	0.249994	0.459484	-0.170927	-0.031693	-0.000799	0.016141	0.229318	0.221010	0.519554
2021-07-29 06:12:58.000000 	-169.000000	56.950586	-154.183044	126.851214	-0.029400	-0.016679	0.015788	0.323074	0.258342	0.474824	-0.170152	-0.019662	0.002211	0.031628	0.236970	0.228384	0.536899
2021-07-29 06:12:59.000000 	-168.000000	56.950586	-154.183044	126.851214	-0.035454	-0.018780	0.019798	0.312098	0.249573	0.458702	-0.160288	-0.022810	0.001466	0.038461	0.228922	0.220626	0.518670
2021-07-29 06:13:00.000000 	-167.000000	56.950586	-154.183044	126.851214	-0.015249	-0.007089	-0.001666	0.314409	0.251429	0.462111	-0.176866	-0.015002	-0.000260	0.007773	0.230619	0.222261	0.522523
2021-07-29 06:13:01.000000 	-166.000000	56.950586	-154.183044	126.851214	-0.039966	-0.017750	0.000878	0.324136	0.259215	0.476417	-0.173147	-0.036156	-0.001426	0.024572	0.237756	0.229138	0.538700
2021-07-29 06:13:02.000000 	-165.000000	56.950586	-154.183044	126.851214	-0.038832	-0.025924	0.034904	0.326973	0.261492	0.480598	-0.161200	-0.019729	0.006425	0.054477	0.239839	0.231145	0.543427
2021-07-29 06:13:03.000000 	-164.000000	56.950586	-154.183044	126.851214	-0.034426	-0.012820	0.007865	0.299574	0.239587	0.440336	-0.158559	-0.026366	-0.003452	0.026538	0.219743	0.211777	0.497901
2021-07-29 06:13:04.000000 	-163.000000	56.950586	-154.183044	126.851214	-0.019951	-0.014004	-0.012154	0.349296	0.279361	0.513432	-0.198899	-0.026795	0.003918	0.002933	0.256218	0.246928	0.580553
2021-07-29 06:13:05.000000 	-162.000000	56.950586	-154.183044	126.851214	-0.038530	-0.009167	0.035206	0.314332	0.251406	0.462049	-0.155641	-0.013218	-0.008527	0.050602	0.230573	0.222212	0.522453
2021-07-29 06:13:06.000000 	-161.000000	56.950586	-154.183044	126.851214	-0.028749	-0.026867	-0.006826	0.303875	0.243049	0.446687	-0.166496	-0.035222	0.011666	0.014773	0.222904	0.214820	0.505083
2021-07-29 06:13:07.000000 	-160.000000	56.950586	-154.183044	126.851214	-0.032301	-0.010883	0.026288	0.352288	0.281780	0.517865	-0.182697	-0.014008	-0.004270	0.040476	0.258420	0.249047	0.585565
2021-07-29 06:13:08.000000 	-159.000000	56.950586	-154.183044	126.851214	-0.035601	-0.019528	0.007733	0.276016	0.220780	0.405754	-0.143858	-0.029773	0.002075	0.028597	0.202473	0.195128	0.458798
2021-07-29 06:13:09.000000 	-158.000000	56.950586	-154.183044	126.851214	-0.028877	-0.012619	0.012668	0.336513	0.269178	0.494697	-0.179710	-0.019487	-0.001216	0.027792	0.246852	0.237897	0.559368
2021-07-29 06:13:10.000000 	-157.000000	56.950586	-154.183044	126.851214	-0.031087	-0.019018	0.010544	0.352062	0.281625	0.517568	-0.188170	-0.024648	0.003582	0.028617	0.258261	0.248891	0.585227
2021-07-29 06:13:11.000000 	-156.000000	56.950586	-154.183044	126.851214	-0.034947	-0.013523	0.005981	0.282912	0.226317	0.415920	-0.149397	-0.028043	-0.003046	0.025382	0.207537	0.200006	0.470291
2021-07-29 06:13:12.000000 	-155.000000	56.950586	-154.183044	126.851214	-0.031757	-0.019534	0.024494	0.320656	0.256518	0.471418	-0.164395	-0.017734	0.003755	0.040761	0.235227	0.226690	0.533044
2021-07-29 06:13:13.000000 	-154.000000	56.950586	-154.183044	126.851214	-0.028298	-0.012898	0.005544	0.351242	0.280994	0.516396	-0.191084	-0.023037	-0.000713	0.021603	0.257667	0.248315	0.583902
2021-07-29 06:13:14.000000 	-153.000000	56.950586	-154.183044	126.851214	-0.026048	-0.022738	0.001449	0.289883	0.231914	0.426195	-0.156682	-0.027164	0.009125	0.019403	0.212656	0.204937	0.481909
2021-07-29 06:13:15.000000 	-152.000000	56.950586	-154.183044	126.851214	-0.022638	-0.000530	0.007533	0.308135	0.246524	0.453040	-0.168265	-0.013167	-0.009382	0.017554	0.226048	0.217842	0.512263
2021-07-29 06:13:16.000000 	-151.000000	56.950586	-154.183044	126.851214	-0.043104	-0.016043	0.022912	0.347428	0.277969	0.510823	-0.177571	-0.025884	-0.004330	0.044176	0.254876	0.245623	0.577599
2021-07-29 06:13:17.000000 	-150.000000	56.950586	-154.183044	126.851214	-0.024551	-0.024907	0.020626	0.273555	0.218872	0.402217	-0.140049	-0.016368	0.011729	0.035257	0.200684	0.193397	0.454795
2021-07-29 06:13:18.000000 	-149.000000	56.950586	-154.183044	126.851214	-0.033489	-0.012488	0.008165	0.381275	0.305068	0.560613	-0.205969	-0.025375	-0.003343	0.026251	0.279712	0.269554	0.633897
2021-07-29 06:13:19.000000 	-148.000000	56.950586	-154.183044	126.851214	-0.023178	-0.010393	0.002215	0.257570	0.206094	0.378730	-0.140031	-0.020075	-0.000738	0.015703	0.188961	0.182098	0.428238
2021-07-29 06:13:20.000000 	-147.000000	56.950586	-154.183044	126.851214	-0.043654	-0.024612	0.002141	0.390052	0.312110	0.573544	-0.208960	-0.040755	0.003144	0.029071	0.286157	0.275763	0.648518
2021-07-29 06:13:21.000000 	-146.000000	56.950586	-154.183044	126.851214	-0.036644	-0.013302	0.024234	0.261435	0.209200	0.384430	-0.129535	-0.019289	-0.003984	0.041461	0.191800	0.184833	0.434683
2021-07-29 06:13:22.000000 	-145.000000	56.950586	-154.183044	126.851214	-0.021759	-0.014361	0.008311	0.314549	0.251709	0.462542	-0.170551	-0.017128	0.003451	0.021059	0.230769	0.222385	0.523005
2021-07-29 06:13:23.000000 	-144.000000	56.950586	-154.183044	126.851214	-0.033549	-0.009702	0.018493	0.341611	0.273374	0.502348	-0.179367	-0.018770	-0.005877	0.034275	0.250626	0.241519	0.568014
2021-07-29 06:13:24.000000 	-143.000000	56.950586	-154.183044	126.851214	-0.035283	-0.023482	0.020701	0.318857	0.255173	0.468898	-0.163372	-0.023905	0.005773	0.040250	0.233935	0.225434	0.530191
2021-07-29 06:13:25.000000 	-142.000000	56.950586	-154.183044	126.851214	-0.039664	-0.014984	0.001164	0.292503	0.234089	0.430152	-0.155124	-0.034763	-0.003785	0.024007	0.214602	0.206802	0.486380
2021-07-29 06:13:26.000000 	-141.000000	56.950586	-154.183044	126.851214	-0.027374	-0.011648	0.022953	0.294597	0.235772	0.433241	-0.152059	-0.012389	-0.001435	0.035444	0.216140	0.208284	0.489872
2021-07-29 06:13:27.000000 	-140.000000	56.950586	-154.183044	126.851214	-0.020451	-0.017396	-0.010431	0.360199	0.288284	0.529728	-0.204041	-0.027469	0.006753	0.005428	0.264274	0.254667	0.598972
2021-07-29 06:13:28.000000 	-139.000000	56.950586	-154.183044	126.851214	-0.040276	-0.019296	0.022401	0.325993	0.260915	0.479434	-0.165875	-0.025217	-0.000170	0.043132	0.239180	0.230484	0.542102
2021-07-29 06:13:29.000000 	-138.000000	56.950586	-154.183044	126.851214	-0.031126	-0.009676	0.015250	0.332626	0.266232	0.489199	-0.176146	-0.018701	-0.004846	0.030362	0.244049	0.235175	0.553144
2021-07-29 06:13:30.000000 	-137.000000	56.950586	-154.183044	126.851214	-0.026384	-0.023960	0.005793	0.282921	0.226456	0.416107	-0.150782	-0.025495	0.010079	0.023499	0.207583	0.200034	0.470498
2021-07-29 06:13:31.000000 	-136.000000	56.950586	-154.183044	126.851214	-0.040108	-0.019173	0.019163	0.340821	0.272809	0.501275	-0.175761	-0.026811	-0.000207	0.040306	0.250067	0.240972	0.566797
2021-07-29 06:13:32.000000 	-135.000000	56.950586	-154.183044	126.851214	-0.024593	-0.010695	0.010578	0.289302	0.231578	0.425511	-0.154724	-0.016691	-0.001083	0.023480	0.212269	0.204548	0.481130
2021-07-29 06:13:33.000000 	-134.000000	56.950586	-154.183044	126.851214	-0.027165	-0.011204	-0.005052	0.332362	0.266054	0.488854	-0.184725	-0.027342	-0.001745	0.011763	0.243865	0.234994	0.552752
2021-07-29 06:13:34.000000 	-133.000000	56.950586	-154.183044	126.851214	-0.038397	-0.022914	0.031516	0.382205	0.305963	0.562178	-0.194960	-0.020149	0.003905	0.050709	0.280440	0.270237	0.635660
2021-07-29 06:13:35.000000 	-132.000000	56.950586	-154.183044	126.851214	-0.042305	-0.018622	0.020704	0.255745	0.204735	0.376178	-0.125280	-0.027428	-0.001661	0.042545	0.187653	0.180825	0.425348
2021-07-29 06:13:36.000000 	-131.000000	56.950586	-154.183044	126.851214	-0.018183	-0.015942	-0.000042	0.362027	0.289828	0.532521	-0.201966	-0.019562	0.006432	0.012678	0.265640	0.255973	0.602126
2021-07-29 06:13:37.000000 	-130.000000	56.950586	-154.183044	126.851214	-0.038734	-0.015840	0.017052	0.289520	0.231788	0.425877	-0.147667	-0.025709	-0.002609	0.037070	0.212440	0.204708	0.481542
2021-07-29 06:13:38.000000 	-129.000000	56.950586	-154.183044	126.851214	-0.042636	-0.006162	0.028737	0.308599	0.247070	0.453951	-0.153959	-0.018747	-0.013021	0.046482	0.226441	0.218199	0.513285
2021-07-29 06:13:39.000000 	-128.000000	56.950586	-154.183044	126.851214	-0.026256	-0.025581	-0.004906	0.396919	0.317791	0.583883	-0.220558	-0.031824	0.011593	0.014853	0.291251	0.280649	0.660200
2021-07-29 06:13:40.000000 	-127.000000	56.950586	-154.183044	126.851214	-0.024773	-0.013773	0.012245	0.241658	0.193489	0.355497	-0.126198	-0.017042	0.001610	0.025697	0.177326	0.170870	0.401962
2021-07-29 06:13:41.000000 	-126.000000	56.950586	-154.183044	126.851214	-0.024806	-0.006359	0.009352	0.353303	0.282888	0.519746	-0.192491	-0.015939	-0.005079	0.021527	0.259253	0.249813	0.587678
2021-07-29 06:13:42.000000 	-125.000000	56.950586	-154.183044	126.851214	-0.045235	-0.023251	0.019698	0.300916	0.240949	0.442687	-0.150436	-0.031876	0.001230	0.044240	0.220813	0.212772	0.500548
2021-07-29 06:13:43.000000 	-124.000000	56.950586	-154.183044	126.851214	-0.040278	-0.018297	0.019797	0.315165	0.252367	0.463660	-0.160737	-0.026274	-0.001071	0.040713	0.231272	0.222849	0.524261
2021-07-29 06:13:44.000000 	-123.000000	56.950586	-154.183044	126.851214	-0.016855	-0.022019	-0.001454	0.333727	0.267239	0.490979	-0.185822	-0.021549	0.012481	0.012286	0.244896	0.235976	0.555151
2021-07-29 06:13:45.000000 	-122.000000	56.950586	-154.183044	126.851214	-0.025184	-0.006887	0.007420	0.348494	0.279073	0.512715	-0.190315	-0.017470	-0.004767	0.020218	0.255735	0.246419	0.579727
2021-07-29 06:13:46.000000 	-121.000000	56.950586	-154.183044	126.851214	-0.045697	-0.023756	0.034377	0.276762	0.221637	0.407189	-0.130608	-0.024404	0.001484	0.056891	0.203098	0.195699	0.460409
2021-07-29 06:13:47.000000 	-120.000000	56.950586	-154.183044	126.851214	-0.026249	-0.012254	0.002871	0.375373	0.300616	0.552284	-0.206726	-0.022713	-0.000401	0.018204	0.275466	0.265429	0.624467
2021-07-29 06:13:48.000000 	-119.000000	56.950586	-154.183044	126.851214	-0.039956	-0.019204	0.013325	0.257060	0.205872	0.378219	-0.129499	-0.029891	-0.000113	0.035346	0.188645	0.181770	0.427651
2021-07-29 06:13:49.000000 	-118.000000	56.950586	-154.183044	126.851214	-0.032155	-0.007873	0.023438	0.278691	0.223202	0.410053	-0.141714	-0.014354	-0.006916	0.037302	0.204520	0.197067	0.463646
2021-07-29 06:13:50.000000 	-117.000000	56.950586	-154.183044	126.851214	-0.034047	-0.024364	0.007870	0.344896	0.276235	0.507476	-0.183609	-0.030291	0.007105	0.029098	0.253109	0.243884	0.573801
2021-07-29 06:13:51.000000 	-116.000000	56.950586	-154.183044	126.851214	-0.026141	-0.012723	0.007688	0.324223	0.259686	0.477068	-0.175356	-0.020176	0.000068	0.022299	0.237940	0.229267	0.539418
2021-07-29 06:13:52.000000 	-115.000000	56.950586	-154.183044	126.851214	-0.027515	-0.013392	0.016836	0.316586	0.253576	0.465840	-0.166954	-0.016468	0.000073	0.030800	0.232338	0.223867	0.526722
2021-07-29 06:13:53.000000 	-114.000000	56.950586	-154.183044	126.851214	-0.036741	-0.018020	0.008578	0.305760	0.244913	0.449920	-0.160654	-0.029622	0.000221	0.029507	0.224396	0.216214	0.508722
2021-07-29 06:13:54.000000 	-113.000000	56.950586	-154.183044	126.851214	-0.025596	-0.019556	0.010842	0.316080	0.253187	0.465116	-0.168831	-0.020539	0.006458	0.026299	0.231972	0.223513	0.525903
2021-07-29 06:13:55.000000 	-112.000000	56.950586	-154.183044	126.851214	-0.042721	-0.022417	0.020847	0.313476	0.251109	0.461293	-0.158169	-0.029049	0.001575	0.043771	0.230063	0.221673	0.521580
2021-07-29 06:13:56.000000 	-111.000000	56.950586	-154.183044	126.851214	-0.021883	-0.005756	0.003415	0.338288	0.270993	0.497815	-0.187030	-0.016751	-0.004348	0.014972	0.248276	0.239221	0.562875
2021-07-29 06:13:57.000000 	-110.000000	56.950586	-154.183044	126.851214	-0.034572	-0.022811	0.025164	0.346832	0.277847	0.510400	-0.178140	-0.020689	0.005479	0.043482	0.254550	0.245265	0.577104
2021-07-29 06:13:58.000000 	-109.000000	56.950586	-154.183044	126.851214	-0.035952	-0.008227	0.005036	0.270006	0.216308	0.397350	-0.142556	-0.027383	-0.008251	0.023825	0.198167	0.190938	0.449280
2021-07-29 06:13:59.000000 	-108.000000	56.950586	-154.183044	126.851214	-0.012388	-0.012071	-0.009872	0.353321	0.283063	0.519970	-0.202753	-0.019138	0.005471	0.000674	0.259318	0.249856	0.587924
2021-07-29 06:14:00.000000 	-107.000000	56.950586	-154.183044	126.851214	-0.036643	-0.020783	0.022809	0.307761	0.246570	0.452931	-0.156113	-0.022796	0.002751	0.042043	0.225882	0.217640	0.512123
2021-07-29 06:14:01.000000 	-106.000000	56.950586	-154.183044	126.851214	-0.032406	-0.020171	0.025307	0.288204	0.230909	0.424158	-0.145129	-0.018013	0.004045	0.041912	0.211531	0.203811	0.479589
2021-07-29 06:14:02.000000 	-105.000000	56.950586	-154.183044	126.851214	-0.034720	-0.018347	-0.004472	0.365472	0.292826	0.537887	-0.200668	-0.035334	0.001396	0.017654	0.268246	0.258455	0.608181
2021-07-29 06:14:03.000000 	-104.000000	56.950586	-154.183044	126.851214	-0.034020	-0.018115	0.028209	0.276202	0.221307	0.406512	-0.136828	-0.016898	0.001491	0.044648	0.202727	0.195326	0.459636
2021-07-29 06:14:04.000000 	-103.000000	56.950586	-154.183044	126.851214	-0.027400	-0.012311	0.011438	0.352670	0.282587	0.519068	-0.190032	-0.018930	-0.000850	0.025963	0.258856	0.249406	0.586902
2021-07-29 06:14:05.000000 	-102.000000	56.950586	-154.183044	126.851214	-0.046493	-0.013661	0.021094	0.311176	0.249346	0.458006	-0.156553	-0.028564	-0.007950	0.043750	0.228403	0.220063	0.517859
2021-07-29 06:14:06.000000 	-101.000000	56.950586	-154.183044	126.851214	-0.019347	-0.014263	-0.005112	0.321489	0.257618	0.473194	-0.180426	-0.022592	0.004414	0.008601	0.235975	0.227358	0.535032
2021-07-29 06:14:07.000000 	-100.000000	56.950586	-154.183044	126.851214	-0.033117	-0.017819	0.032867	0.336571	0.269712	0.495404	-0.170167	-0.013568	0.001618	0.048039	0.247048	0.238026	0.560143
2021-07-29 06:14:08.000000 	-99.000000	56.950586	-154.183044	126.851214	-0.023914	-0.012407	0.000174	0.294108	0.235692	0.432911	-0.161529	-0.022478	0.000754	0.014833	0.215883	0.207997	0.489484
2021-07-29 06:14:09.000000 	-98.000000	56.950586	-154.183044	126.851214	-0.036302	-0.012983	0.019710	0.321152	0.257373	0.472728	-0.166016	-0.021382	-0.004122	0.037426	0.235736	0.227125	0.534503
2021-07-29 06:14:10.000000 	-97.000000	56.950586	-154.183044	126.851214	-0.028286	-0.021160	-0.004345	0.321276	0.257481	0.472921	-0.176629	-0.031437	0.006730	0.015270	0.235830	0.227214	0.534721
2021-07-29 06:14:11.000000 	-96.000000	56.950586	-154.183044	126.851214	-0.027346	-0.011892	0.013664	0.316380	0.253565	0.465724	-0.168301	-0.017523	-0.001205	0.027702	0.232239	0.223754	0.526583
2021-07-29 06:14:12.000000 	-95.000000	56.950586	-154.183044	126.851214	-0.039685	-0.027850	0.028597	0.332720	0.266669	0.489787	-0.166601	-0.024515	0.007788	0.050067	0.244237	0.235312	0.553790
2021-07-29 06:14:13.000000 	-94.000000	56.950586	-154.183044	126.851214	-0.029779	-0.011639	0.012521	0.277486	0.222407	0.408487	-0.145607	-0.019889	-0.002491	0.027878	0.203694	0.196249	0.461865
2021-07-29 06:14:14.000000 	-93.000000	56.950586	-154.183044	126.851214	-0.035841	-0.023864	0.032204	0.316371	0.253582	0.465739	-0.157320	-0.018191	0.005873	0.050256	0.232241	0.223753	0.526599
2021-07-29 06:14:15.000000 	-92.000000	56.950586	-154.183044	126.851214	-0.024763	-0.002888	-0.011251	0.389142	0.311920	0.572879	-0.221435	-0.025875	-0.008184	0.003413	0.285665	0.275222	0.647739
2021-07-29 06:14:16.000000 	-91.000000	56.950586	-154.183044	126.851214	-0.029933	-0.014352	0.010281	0.238694	0.191333	0.351402	-0.123680	-0.022218	-0.000117	0.026721	0.175224	0.168818	0.397320
2021-07-29 06:14:17.000000 	-90.000000	56.950586	-154.183044	126.851214	-0.032647	-0.018519	0.015487	0.369613	0.296286	0.544151	-0.196118	-0.022948	0.002453	0.033407	0.271335	0.261414	0.615256
2021-07-29 06:14:18.000000 	-89.000000	56.950586	-154.183044	126.851214	-0.035010	-0.022772	0.023841	0.349854	0.280456	0.515073	-0.180317	-0.021726	0.005252	0.042579	0.256833	0.247441	0.582377
2021-07-29 06:14:19.000000 	-88.000000	56.950586	-154.183044	126.851214	-0.033315	-0.011046	0.010998	0.307567	0.246565	0.452825	-0.162602	-0.023172	-0.004565	0.028197	0.225792	0.217534	0.511994
2021-07-29 06:14:20.000000 	-87.000000	56.950586	-154.183044	126.851214	-0.022863	-0.010384	-0.003069	0.260820	0.209096	0.384009	-0.144057	-0.022715	-0.000610	0.011117	0.191477	0.184473	0.434186
2021-07-29 06:14:21.000000 	-86.000000	56.950586	-154.183044	126.851214	-0.034706	-0.024838	0.025719	0.337926	0.270920	0.497542	-0.172538	-0.021227	0.007244	0.044495	0.248086	0.239010	0.562554
2021-07-29 06:14:22.000000 	-85.000000	56.950586	-154.183044	126.851214	-0.035814	-0.016292	0.014440	0.306979	0.246117	0.451987	-0.159656	-0.025095	-0.000931	0.033555	0.225369	0.217124	0.511046
2021-07-29 06:14:23.000000 	-84.000000	56.950586	-154.183044	126.851214	-0.019395	-0.022042	0.003449	0.329470	0.264158	0.485113	-0.180859	-0.020800	0.011395	0.017648	0.241885	0.233034	0.548499
2021-07-29 06:14:24.000000 	-83.000000	56.950586	-154.183044	126.851214	-0.038176	-0.007702	0.029915	0.291013	0.233332	0.428497	-0.144585	-0.015302	-0.009692	0.045645	0.213653	0.205835	0.484485
2021-07-29 06:14:25.000000 	-82.000000	56.950586	-154.183044	126.851214	-0.029236	-0.007982	-0.013507	0.414234	0.332140	0.609944	-0.234996	-0.032339	-0.005547	0.004927	0.304123	0.292992	0.689640
2021-07-29 06:14:26.000000 	-81.000000	56.950586	-154.183044	126.851214	-0.026266	-0.021495	0.020714	0.240452	0.192805	0.354064	-0.120916	-0.016369	0.007911	0.035362	0.176538	0.170076	0.400326
2021-07-29 06:14:27.000000 	-80.000000	56.950586	-154.183044	126.851214	-0.037896	-0.014932	0.025714	0.321087	0.257470	0.472808	-0.163012	-0.020021	-0.003062	0.043704	0.235742	0.227112	0.534585
2021-07-29 06:14:28.000000 	-79.000000	56.950586	-154.183044	126.851214	-0.027900	-0.006130	-0.003770	0.298014	0.238976	0.438840	-0.164773	-0.025345	-0.006632	0.011993	0.218804	0.210793	0.496179
2021-07-29 06:14:29.000000 	-78.000000	56.950586	-154.183044	126.851214	-0.036646	-0.023440	0.026550	0.332122	0.266336	0.489076	-0.168488	-0.021728	0.005141	0.045812	0.243850	0.234921	0.552978
2021-07-29 06:14:30.000000 	-77.000000	56.950586	-154.183044	126.851214	-0.025788	-0.021631	0.006592	0.289802	0.232406	0.426765	-0.155014	-0.023759	0.008241	0.023323	0.212781	0.204988	0.482525
2021-07-29 06:14:31.000000 	-76.000000	56.950586	-154.183044	126.851214	-0.025360	-0.006177	0.003431	0.381287	0.305782	0.561499	-0.210864	-0.019519	-0.005483	0.016793	0.279955	0.269702	0.634861
2021-07-29 06:14:32.000000 	-75.000000	56.950586	-154.183044	126.851214	-0.041473	-0.022769	0.026894	0.332118	0.266359	0.489101	-0.167037	-0.024937	0.002435	0.048311	0.243857	0.234924	0.553004
2021-07-29 06:14:33.000000 	-74.000000	56.950586	-154.183044	126.851214	-0.023806	-0.011746	0.004214	0.303790	0.243648	0.447392	-0.165727	-0.019952	0.000206	0.018009	0.223060	0.214888	0.505845
2021-07-29 06:14:34.000000 	-73.000000	56.950586	-154.183044	126.851214	-0.037909	-0.021591	0.025243	0.273890	0.219674	0.403366	-0.135144	-0.022719	0.002927	0.044897	0.201108	0.193740	0.456066
2021-07-29 06:14:35.000000 	-72.000000	56.950586	-154.183044	126.851214	-0.034092	-0.011660	0.012852	0.326950	0.262239	0.481518	-0.172832	-0.022972	-0.004351	0.030278	0.240072	0.231274	0.544429
2021-07-29 06:14:36.000000 	-71.000000	56.950586	-154.183044	126.851214	-0.019609	-0.003334	-0.000508	0.310844	0.249329	0.457808	-0.173646	-0.016290	-0.005538	0.009993	0.228249	0.219884	0.517620
2021-07-29 06:14:37.000000 	-70.000000	56.950586	-154.183044	126.851214	-0.030260	-0.017989	0.008811	0.299658	0.240365	0.441343	-0.159033	-0.024594	0.003016	0.026513	0.220038	0.211973	0.499003
2021-07-29 06:14:38.000000 	-69.000000	56.950586	-154.183044	126.851214	-0.026096	-0.013271	0.014077	0.302706	0.242818	0.445840	-0.160501	-0.016857	0.000582	0.027762	0.222279	0.214131	0.504088
2021-07-29 06:14:39.000000 	-68.000000	56.950586	-154.183044	126.851214	-0.042769	-0.016048	0.012666	0.330952	0.265484	0.487451	-0.172162	-0.031222	-0.004180	0.035425	0.243023	0.234114	0.551135
2021-07-29 06:14:40.000000 	-67.000000	56.950586	-154.183044	126.851214	-0.023030	-0.021501	0.010785	0.313906	0.251818	0.462354	-0.168150	-0.019344	0.009325	0.025453	0.230509	0.222057	0.522758
2021-07-29 06:14:41.000000 	-66.000000	56.950586	-154.183044	126.851214	-0.048141	-0.016260	0.021780	0.330640	0.265251	0.487012	-0.166860	-0.030382	-0.006328	0.045752	0.242801	0.233897	0.550637
2021-07-29 06:14:42.000000 	-65.000000	56.950586	-154.183044	126.851214	-0.028607	-0.016363	0.008116	0.313804	0.251753	0.462223	-0.168151	-0.023132	0.002271	0.024733	0.230441	0.221989	0.522609
2021-07-29 06:14:43.000000 	-64.000000	56.950586	-154.183044	126.851214	-0.032301	-0.015240	0.014459	0.325068	0.260798	0.478823	-0.171291	-0.022050	-0.000348	0.031596	0.238716	0.229960	0.541377
2021-07-29 06:14:44.000000 	-63.000000	56.950586	-154.183044	126.851214	-0.016034	-0.009840	0.004747	0.285575	0.229121	0.420659	-0.157408	-0.013101	0.001875	0.014188	0.209717	0.202024	0.475615
2021-07-29 06:14:45.000000 	-62.000000	56.950586	-154.183044	126.851214	-0.050479	-0.022903	0.030942	0.322044	0.258389	0.474389	-0.156942	-0.029574	-0.001366	0.056157	0.236502	0.227825	0.536362
2021-07-29 06:14:46.000000 	-61.000000	56.950586	-154.183044	126.851214	-0.035787	-0.014132	0.027456	0.347513	0.278833	0.511916	-0.178328	-0.017188	-0.002863	0.043939	0.255209	0.245845	0.578792
2021-07-29 06:14:47.000000 	-60.000000	56.950586	-154.183044	126.851214	-0.018035	-0.012065	-0.012696	0.281894	0.226190	0.415261	-0.161082	-0.024937	0.003006	0.001078	0.207022	0.199425	0.469510
2021-07-29 06:14:48.000000 	-59.000000	56.950586	-154.183044	126.851214	-0.038939	-0.017977	0.028754	0.343347	0.275508	0.505798	-0.174111	-0.020262	-0.000775	0.047487	0.252157	0.242902	0.571874
2021-07-29 06:14:49.000000 	-58.000000	56.950586	-154.183044	126.851214	-0.040642	-0.012017	0.009232	0.297720	0.238904	0.438592	-0.155285	-0.030018	-0.006882	0.030545	0.218651	0.210625	0.495887
2021-07-29 06:14:50.000000 	-57.000000	56.950586	-154.183044	126.851214	-0.017409	-0.017785	0.007100	0.269356	0.216151	0.396815	-0.145861	-0.015756	0.008428	0.018722	0.197823	0.190560	0.448652
2021-07-29 06:14:51.000000 	-56.000000	56.950586	-154.183044	126.851214	-0.040475	-0.008552	0.025569	0.396372	0.318088	0.583946	-0.206491	-0.019718	-0.009928	0.043334	0.291111	0.280422	0.660228
2021-07-29 06:14:52.000000 	-55.000000	56.950586	-154.183044	126.851214	-0.037807	-0.026632	0.014884	0.327873	0.263126	0.483041	-0.169825	-0.030132	0.007509	0.037362	0.240806	0.231963	0.546141
2021-07-29 06:14:53.000000 	-54.000000	56.950586	-154.183044	126.851214	-0.029868	-0.018272	0.021386	0.314791	0.252636	0.463777	-0.163049	-0.017543	0.003441	0.036929	0.231201	0.222710	0.524360
2021-07-29 06:14:54.000000 	-53.000000	56.950586	-154.183044	126.851214	-0.018599	-0.004275	-0.000157	0.306609	0.246078	0.451733	-0.171297	-0.015680	-0.004252	0.010015	0.225196	0.216924	0.510742
2021-07-29 06:14:55.000000 	-52.000000	56.950586	-154.183044	126.851214	-0.039866	-0.013887	0.004974	0.277410	0.222651	0.408721	-0.145138	-0.032437	-0.004861	0.027039	0.203752	0.196268	0.462111
2021-07-29 06:14:56.000000 	-51.000000	56.950586	-154.183044	126.851214	-0.026548	-0.015749	0.016689	0.325492	0.261250	0.479571	-0.172278	-0.016679	0.002616	0.030762	0.239071	0.230288	0.542216
2021-07-29 06:14:57.000000 	-50.000000	56.950586	-154.183044	126.851214	-0.038877	-0.022078	0.012163	0.338024	0.271318	0.498046	-0.176984	-0.030760	0.002943	0.034524	0.248279	0.239157	0.563103
2021-07-29 06:14:58.000000 	-49.000000	56.950586	-154.183044	126.851214	-0.018593	-0.013595	0.015550	0.344066	0.276177	0.506958	-0.185846	-0.010511	0.004141	0.025391	0.252721	0.243434	0.573179
2021-07-29 06:14:59.000000 	-48.000000	56.950586	-154.183044	126.851214	-0.038321	-0.014801	0.016503	0.245111	0.196754	0.361161	-0.122475	-0.025317	-0.003364	0.036161	0.180040	0.173423	0.408337
2021-07-29 06:15:00.000000 	-47.000000	56.950586	-154.183044	126.851214	-0.032650	-0.014458	0.020535	0.367206	0.294771	0.541075	-0.193296	-0.018715	-0.001204	0.036675	0.269726	0.259811	0.611750
2021-07-29 06:15:01.000000 	-46.000000	56.950586	-154.183044	126.851214	-0.023729	-0.014167	-0.000280	0.255674	0.205247	0.376741	-0.139415	-0.023229	0.002419	0.014780	0.187804	0.180900	0.425950
2021-07-29 06:15:02.000000 	-45.000000	56.950586	-154.183044	126.851214	-0.041919	-0.025082	0.025205	0.328835	0.263986	0.484553	-0.165442	-0.027039	0.004323	0.047663	0.241547	0.232667	0.547845
2021-07-29 06:15:03.000000 	-44.000000	56.950586	-154.183044	126.851214	-0.039086	-0.005153	0.021215	0.405399	0.325462	0.597386	-0.214140	-0.019803	-0.012383	0.038195	0.297793	0.286843	0.675415
2021-07-29 06:15:04.000000 	-43.000000	56.950586	-154.183044	126.851214	-0.022716	-0.013101	0.005145	0.281156	0.225725	0.414312	-0.152517	-0.019117	0.001901	0.018576	0.206531	0.198935	0.468428
2021-07-29 06:15:05.000000 	-42.000000	56.950586	-154.183044	126.851214	-0.024513	-0.014257	-0.003138	0.277743	0.222992	0.409291	-0.153018	-0.025411	0.002159	0.012790	0.204027	0.196523	0.462751
2021-07-29 06:15:06.000000 	-41.000000	56.950586	-154.183044	126.851214	-0.029913	-0.015721	0.026998	0.307942	0.247247	0.453802	-0.157183	-0.013585	0.001124	0.041049	0.226214	0.217893	0.513075
2021-07-29 06:15:07.000000 	-40.000000	56.950586	-154.183044	126.851214	-0.043828	-0.022342	0.031749	0.362329	0.290924	0.533960	-0.182071	-0.023911	0.001025	0.053434	0.266170	0.256378	0.603702
2021-07-29 06:15:08.000000 	-39.000000	56.950586	-154.183044	126.851214	-0.032469	-0.021754	0.005157	0.304398	0.244417	0.448597	-0.162108	-0.029628	0.005443	0.025429	0.223617	0.215389	0.507188
2021-07-29 06:15:09.000000 	-38.000000	56.950586	-154.183044	126.851214	-0.018944	-0.015411	0.000231	0.291781	0.234294	0.430011	-0.161336	-0.019793	0.005623	0.013154	0.214351	0.206464	0.486174
2021-07-29 06:15:10.000000 	-37.000000	56.950586	-154.183044	126.851214	-0.050878	-0.017485	0.033745	0.331290	0.266028	0.488246	-0.161737	-0.026369	-0.006417	0.057415	0.243380	0.234422	0.552015
2021-07-29 06:15:11.000000 	-36.000000	56.950586	-154.183044	126.851214	-0.019496	-0.007535	0.004706	0.371817	0.298582	0.547985	-0.206498	-0.014895	-0.001708	0.015305	0.273157	0.263103	0.619556
2021-07-29 06:15:12.000000 	-35.000000	56.950586	-154.183044	126.851214	-0.040010	-0.014914	0.012306	0.280609	0.225346	0.413570	-0.144142	-0.028922	-0.003998	0.033499	0.206154	0.198565	0.467585
2021-07-29 06:15:13.000000 	-34.000000	56.950586	-154.183044	126.851214	-0.027814	-0.022674	0.023491	0.337012	0.270651	0.496709	-0.175164	-0.016452	0.008298	0.038730	0.247595	0.238479	0.561581
2021-07-29 06:15:14.000000 	-33.000000	56.950586	-154.183044	126.851214	-0.033414	-0.003801	0.019134	0.310037	0.248996	0.456960	-0.161642	-0.016165	-0.011130	0.033345	0.227780	0.219393	0.516640
2021-07-29 06:15:15.000000 	-32.000000	56.950586	-154.183044	126.851214	-0.034539	-0.027838	0.001666	0.345429	0.277429	0.509133	-0.185820	-0.035314	0.010018	0.024964	0.253786	0.244440	0.575627
2021-07-29 06:15:16.000000 	-31.000000	56.950586	-154.183044	126.851214	-0.029911	-0.014442	0.014931	0.278637	0.223793	0.410696	-0.145110	-0.019698	-0.000026	0.030629	0.204718	0.197178	0.464333
2021-07-29 06:15:17.000000 	-30.000000	56.950586	-154.183044	126.851214	-0.020906	-0.017329	0.009382	0.316653	0.254335	0.466738	-0.171437	-0.016984	0.006495	0.022243	0.232652	0.224082	0.527693
2021-07-29 06:15:18.000000 	-29.000000	56.950586	-154.183044	126.851214	-0.045643	-0.007822	0.030930	0.302025	0.242594	0.445185	-0.148396	-0.020427	-0.012836	0.050191	0.221908	0.213733	0.503325
2021-07-29 06:15:19.000000 	-28.000000	56.950586	-154.183044	126.851214	-0.023709	-0.017203	0.007220	0.347034	0.278755	0.511538	-0.189057	-0.020232	0.005161	0.021777	0.254981	0.245586	0.578342
2021-07-29 06:15:20.000000 	-27.000000	56.950586	-154.183044	126.851214	-0.035559	-0.013376	0.023719	0.258634	0.207755	0.381240	-0.128590	-0.018778	-0.003444	0.040515	0.190032	0.183030	0.431028
2021-07-29 06:15:21.000000 	-26.000000	56.950586	-154.183044	126.851214	-0.030337	-0.012340	0.016349	0.404007	0.324541	0.595540	-0.217089	-0.018479	-0.002103	0.031528	0.296851	0.285911	0.673314
2021-07-29 06:15:22.000000 	-25.000000	56.950586	-154.183044	126.851214	-0.038907	-0.023829	0.003586	0.271330	0.217969	0.399972	-0.141281	-0.036099	0.004506	0.027766	0.199368	0.192019	0.452204
2021-07-29 06:15:23.000000 	-24.000000	56.950586	-154.183044	126.851214	-0.037024	-0.019217	0.018637	0.273518	0.219733	0.403204	-0.138090	-0.024787	0.001175	0.038362	0.200978	0.193569	0.455858
2021-07-29 06:15:24.000000 	-23.000000	56.950586	-154.183044	126.851214	-0.028896	-0.012083	0.016973	0.334187	0.268481	0.492647	-0.176977	-0.016958	-0.001707	0.031283	0.245561	0.236507	0.556981
2021-07-29 06:15:25.000000 	-22.000000	56.950586	-154.183044	126.851214	-0.028357	-0.016998	0.009041	0.326527	0.262336	0.481365	-0.175239	-0.022670	0.002952	0.025536	0.239936	0.231089	0.544225
2021-07-29 06:15:26.000000 	-21.000000	56.950586	-154.183044	126.851214	-0.037606	-0.021103	0.016727	0.276771	0.222370	0.408023	-0.140310	-0.026957	0.002620	0.037495	0.203378	0.195878	0.461305
2021-07-29 06:15:27.000000 	-20.000000	56.950586	-154.183044	126.851214	-0.024309	-0.003797	-0.001199	0.379655	0.305041	0.559707	-0.212353	-0.020382	-0.007168	0.011831	0.278984	0.268695	0.632796
2021-07-29 06:15:28.000000 	-19.000000	56.950586	-154.183044	126.851214	-0.043653	-0.020721	0.031634	0.291842	0.234494	0.430257	-0.141559	-0.023250	-0.000359	0.052868	0.214460	0.206549	0.486442
2021-07-29 06:15:29.000000 	-18.000000	56.950586	-154.183044	126.851214	-0.034715	-0.017180	0.020455	0.352385	0.283150	0.519524	-0.183959	-0.021310	0.000347	0.038268	0.258954	0.249400	0.587364
2021-07-29 06:15:30.000000 	-17.000000	56.950586	-154.183044	126.851214	-0.027856	-0.014039	0.004118	0.290508	0.233438	0.428306	-0.156770	-0.023897	0.000507	0.020461	0.213486	0.205609	0.484234
2021-07-29 06:15:31.000000 	-16.000000	56.950586	-154.183044	126.851214	-0.036634	-0.013696	0.037427	0.309744	0.248903	0.456675	-0.152449	-0.012230	-0.003625	0.052609	0.227626	0.219226	0.516307
2021-07-29 06:15:32.000000 	-15.000000	56.950586	-154.183044	126.851214	-0.025422	-0.013774	-0.014345	0.390213	0.313578	0.575326	-0.222092	-0.032033	0.001328	0.003728	0.286766	0.276182	0.650451
2021-07-29 06:15:33.000000 	-14.000000	56.950586	-154.183044	126.851214	-0.023899	-0.009741	0.011693	0.247087	0.198567	0.364309	-0.130392	-0.015212	-0.001639	0.023848	0.181586	0.174883	0.411878
2021-07-29 06:15:34.000000 	-13.000000	56.950586	-154.183044	126.851214	-0.031235	-0.021705	0.024411	0.358473	0.288090	0.528548	-0.186425	-0.018178	0.005936	0.040950	0.263448	0.253723	0.597563
2021-07-29 06:15:35.000000 	-12.000000	56.950586	-154.183044	126.851214	-0.047445	-0.014045	0.027938	0.282922	0.227381	0.417161	-0.137361	-0.025690	-0.008019	0.050046	0.207928	0.200252	0.471631
2021-07-29 06:15:36.000000 	-11.000000	56.950586	-154.183044	126.851214	-0.037805	-0.014225	0.018232	0.339239	0.272652	0.500208	-0.176647	-0.023775	-0.003659	0.037220	0.249321	0.240115	0.565520
2021-07-29 06:15:37.000000 	-10.000000	56.950586	-154.183044	126.851214	-0.023811	-0.014238	-0.000074	0.303758	0.244143	0.447899	-0.167185	-0.023204	0.002447	0.015009	0.223248	0.215004	0.506381
2021-07-29 06:15:38.000000 	-9.000000	56.950586	-154.183044	126.851214	-0.041207	-0.016093	0.011756	0.304898	0.245068	0.449589	-0.157996	-0.030555	-0.003459	0.033906	0.224090	0.215814	0.508291
2021-07-29 06:15:39.000000 	-8.000000	56.950586	-154.183044	126.851214	-0.020317	-0.013755	0.004947	0.318269	0.255824	0.469314	-0.174699	-0.017653	0.003534	0.017388	0.233921	0.225280	0.530591
2021-07-29 06:15:40.000000 	-7.000000	56.950586	-154.183044	126.851214	-0.047902	-0.015239	0.039985	0.346388	0.278435	0.510787	-0.169243	-0.019901	-0.007144	0.060651	0.254592	0.245186	0.577478
2021-07-29 06:15:41.000000 	-6.000000	56.950586	-154.183044	126.851214	-0.030706	-0.017441	0.003803	0.280278	0.225302	0.413308	-0.149752	-0.027461	0.002328	0.022404	0.206005	0.198394	0.467271
2021-07-29 06:15:42.000000 	-5.000000	56.950586	-154.183044	126.851214	-0.022533	-0.012724	0.015718	0.356039	0.286213	0.525037	-0.191823	-0.013075	0.001640	0.027259	0.261694	0.252023	0.593587
2021-07-29 06:15:43.000000 	-4.000000	56.950586	-154.183044	126.851214	-0.036654	-0.024203	0.013439	0.314664	0.252961	0.464032	-0.163473	-0.029163	0.005825	0.035008	0.231287	0.222739	0.524616
2021-07-29 06:15:44.000000 	-3.000000	56.950586	-154.183044	126.851214	-0.037967	-0.010889	0.014862	0.333268	0.267926	0.491476	-0.174792	-0.024517	-0.006732	0.033683	0.244965	0.235910	0.555642
2021-07-29 06:15:45.000000 	-2.000000	56.950586	-154.183044	126.851214	-0.031104	-0.021192	0.024315	0.282757	0.227327	0.416995	-0.142799	-0.017944	0.005532	0.040684	0.207841	0.200158	0.471437
2021-07-29 06:15:46.000000 	-1.000000	56.950586	-154.183044	126.851214	-0.029627	-0.013176	-0.001749	0.344127	0.276675	0.507508	-0.189608	-0.028118	-0.001041	0.016208	0.252955	0.243603	0.573767
2021-07-29 06:15:47.000000 	0.000000	56.950586	-154.183044	126.851214	-0.026338	-0.001693	0.019582	0.297083	0.238860	0.438137	-0.156272	-0.009812	-0.009946	0.029746	0.218378	0.210303	0.495338
2021-07-29 06:15:48.000000 	1.000000	56.950586	-154.183044	126.851214	-0.041252	-0.029916	0.023176	0.371144	0.298417	0.547372	-0.190448	-0.029407	0.008965	0.046783	0.272824	0.262734	0.618833
2021-07-29 06:15:49.000000 	2.000000	56.950586	-154.183044	126.851214	-0.037810	-0.009509	0.024694	0.262820	0.211327	0.387621	-0.130394	-0.018533	-0.007906	0.041519	0.193199	0.186054	0.438225
2021-07-29 06:15:50.000000 	3.000000	56.950586	-154.183044	126.851214	-0.025195	-0.013101	0.002204	0.319460	0.256878	0.471164	-0.175157	-0.022590	0.000821	0.017327	0.234839	0.226152	0.532675
2021-07-29 06:15:51.000000 	4.000000	56.950586	-154.183044	126.851214	-0.034314	-0.007611	0.023113	0.330939	0.266118	0.488104	-0.171655	-0.016065	-0.008092	0.038027	0.243282	0.234282	0.551825
2021-07-29 06:15:52.000000 	5.000000	56.950586	-154.183044	126.851214	-0.035566	-0.026708	0.001999	0.293632	0.236126	0.433087	-0.155555	-0.035496	0.008553	0.025479	0.215860	0.207873	0.489625
2021-07-29 06:15:53.000000 	6.000000	56.950586	-154.183044	126.851214	-0.021359	-0.009616	0.007579	0.368436	0.296291	0.543428	-0.202824	-0.015493	-0.000645	0.019123	0.270856	0.260833	0.614370
2021-07-29 06:15:54.000000 	7.000000	56.950586	-154.183044	126.851214	-0.035942	-0.018884	0.014621	0.292055	0.234875	0.430777	-0.150793	-0.026039	0.001347	0.034386	0.214708	0.206762	0.487012
2021-07-29 06:15:55.000000 	8.000000	56.950586	-154.183044	126.851214	-0.041727	-0.011293	0.018237	0.319019	0.256568	0.470557	-0.164103	-0.025662	-0.008006	0.038454	0.234535	0.225854	0.531984
2021-07-29 06:15:56.000000 	9.000000	56.950586	-154.183044	126.851214	-0.032954	-0.010714	0.023317	0.252611	0.203167	0.372611	-0.126371	-0.016060	-0.004706	0.038267	0.185717	0.178841	0.421252
2021-07-29 06:15:57.000000 	10.000000	56.950586	-154.183044	126.851214	-0.027425	-0.023118	0.017925	0.367732	0.295766	0.542429	-0.195257	-0.019356	0.008867	0.033979	0.270358	0.260348	0.613238
2021-07-29 06:15:58.000000 	11.000000	56.950586	-154.183044	126.851214	-0.043816	-0.012937	0.031878	0.341002	0.274276	0.503009	-0.170786	-0.020398	-0.007436	0.051303	0.250710	0.241426	0.568671
2021-07-29 06:15:59.000000 	12.000000	56.950586	-154.183044	126.851214	-0.021152	-0.012508	0.007492	0.305153	0.245451	0.450137	-0.166097	-0.016440	0.002048	0.019635	0.224357	0.216048	0.508896
2021-07-29 06:16:00.000000 	13.000000	56.950586	-154.183044	126.851214	-0.022751	-0.013058	0.000648	0.320353	0.257686	0.472567	-0.176992	-0.021580	0.001846	0.014814	0.235536	0.226812	0.534253
2021-07-29 06:16:01.000000 	14.000000	56.950586	-154.183044	126.851214	-0.046623	-0.029581	0.012329	0.345447	0.277881	0.509594	-0.178119	-0.039253	0.006325	0.040249	0.253991	0.244582	0.576113
2021-07-29 06:16:02.000000 	15.000000	56.950586	-154.183044	126.851214	-0.020906	-0.003425	0.002494	0.284872	0.229162	0.420243	-0.157298	-0.015665	-0.006021	0.013167	0.209457	0.201697	0.475098
2021-07-29 06:16:03.000000 	16.000000	56.950586	-154.183044	126.851214	-0.034620	-0.015035	0.021049	0.285443	0.229629	0.421093	-0.145343	-0.020131	-0.001542	0.038210	0.209881	0.202104	0.476058
2021-07-29 06:16:04.000000 	17.000000	56.950586	-154.183044	126.851214	-0.028716	-0.009166	0.019067	0.326950	0.263029	0.482334	-0.172421	-0.014615	-0.004255	0.032257	0.240404	0.231495	0.545292
2021-07-29 06:16:05.000000 	18.000000	56.950586	-154.183044	126.851214	-0.044542	-0.019105	0.037712	0.327481	0.263466	0.483126	-0.159847	-0.020016	-0.002200	0.058014	0.240799	0.231874	0.546186
2021-07-29 06:16:06.000000 	19.000000	56.950586	-154.183044	126.851214	-0.030955	-0.020567	0.015459	0.296220	0.238324	0.437015	-0.154185	-0.022434	0.005033	0.033039	0.217816	0.209742	0.494056
2021-07-29 06:16:07.000000 	20.000000	56.950586	-154.183044	126.851214	-0.033565	-0.024108	0.002845	0.399897	0.321749	0.589981	-0.217818	-0.032575	0.007084	0.024588	0.294057	0.283155	0.666986
2021-07-29 06:16:08.000000 	21.000000	56.950586	-154.183044	126.851214	-0.029084	-0.010879	0.027175	0.260484	0.209587	0.384307	-0.130544	-0.011096	-0.002873	0.039641	0.191545	0.184443	0.434467
2021-07-29 06:16:09.000000 	22.000000	56.950586	-154.183044	126.851214	-0.040345	-0.008445	0.014654	0.337861	0.271855	0.498475	-0.177116	-0.025533	-0.009968	0.034095	0.248449	0.239236	0.563535
2021-07-29 06:16:10.000000 	23.000000	56.950586	-154.183044	126.851214	-0.030765	-0.019552	0.004550	0.329641	0.265250	0.486356	-0.177868	-0.027869	0.004202	0.023561	0.242408	0.233418	0.549834
2021-07-29 06:16:11.000000 	24.000000	56.950586	-154.183044	126.851214	-0.027905	-0.018514	0.000006	0.352321	0.283509	0.519826	-0.193659	-0.027810	0.004513	0.018101	0.259091	0.249480	0.587672
2021-07-29 06:16:12.000000 	25.000000	56.950586	-154.183044	126.851214	-0.030438	-0.014164	0.020953	0.293959	0.236554	0.433725	-0.151638	-0.016710	-0.000505	0.035870	0.216177	0.208157	0.490332
2021-07-29 06:16:13.000000 	26.000000	56.950586	-154.183044	126.851214	-0.039293	-0.004715	0.028639	0.278899	0.224443	0.411512	-0.138201	-0.015751	-0.012867	0.044415	0.205105	0.197495	0.465220
2021-07-29 06:16:14.000000 	27.000000	56.950586	-154.183044	126.851214	-0.034125	-0.019337	0.008467	0.340045	0.273660	0.501740	-0.181464	-0.028190	0.002545	0.028443	0.250077	0.240797	0.567223
2021-07-29 06:16:15.000000 	28.000000	56.950586	-154.183044	126.851214	-0.034416	-0.023880	0.015030	0.198532	0.159779	0.292942	-0.096137	-0.026488	0.006509	0.035166	0.146008	0.140589	0.331173
2021-07-29 06:16:16.000000 	29.000000	56.950586	-154.183044	126.851214	-0.028308	-0.019342	0.016501	0.419464	0.337598	0.618946	-0.225947	-0.019421	0.005083	0.032323	0.308495	0.297044	0.699723
2021-07-29 06:16:17.000000 	30.000000	56.950586	-154.183044	126.851214	-0.033407	-0.003917	0.018600	0.365691	0.294330	0.539610	-0.194170	-0.016493	-0.011023	0.032922	0.268952	0.258968	0.610032
2021-07-29 06:16:18.000000 	31.000000	56.950586	-154.183044	126.851214	-0.032355	-0.019602	0.024185	0.276833	0.222820	0.408499	-0.139324	-0.018379	0.003554	0.040811	0.203604	0.196045	0.461809
2021-07-29 06:16:19.000000 	32.000000	56.950586	-154.183044	126.851214	-0.031947	-0.015086	0.020741	0.322783	0.259814	0.476313	-0.167880	-0.018301	-0.000332	0.036652	0.237404	0.228589	0.538472
2021-07-29 06:16:20.000000 	33.000000	56.950586	-154.183044	126.851214	-0.046980	-0.018331	0.021712	0.312060	0.251192	0.460497	-0.156468	-0.030299	-0.003958	0.045617	0.229522	0.220998	0.520592
2021-07-29 06:16:21.000000 	34.000000	56.950586	-154.183044	126.851214	-0.026614	-0.011847	0.012572	0.360253	0.289994	0.531622	-0.194561	-0.017549	-0.000926	0.026417	0.264972	0.255130	0.600998
2021-07-29 06:16:22.000000 	35.000000	56.950586	-154.183044	126.851214	-0.020724	-0.019549	-0.009764	0.260640	0.209816	0.384631	-0.146171	-0.028098	0.008573	0.006633	0.191709	0.184587	0.434825
2021-07-29 06:16:23.000000 	36.000000	56.950586	-154.183044	126.851214	-0.037498	-0.015211	0.028441	0.310262	0.249770	0.457867	-0.156026	-0.018336	-0.002637	0.045861	0.228211	0.219733	0.517616
2021-07-29 06:16:24.000000 	37.000000	56.950586	-154.183044	126.851214	-0.031099	-0.010036	0.017234	0.351572	0.283036	0.518839	-0.186658	-0.017730	-0.004509	0.032097	0.258602	0.248993	0.586544
2021-07-29 06:16:25.000000 	38.000000	56.950586	-154.183044	126.851214	-0.035661	-0.015797	0.026219	0.351816	0.283243	0.519209	-0.181417	-0.018375	-0.001310	0.043236	0.258786	0.249169	0.586961
2021-07-29 06:16:26.000000 	39.000000	56.950586	-154.183044	126.851214	-0.031291	-0.020186	-0.001444	0.298335	0.240194	0.440289	-0.161771	-0.031766	0.004544	0.018946	0.219451	0.211295	0.497742
2021-07-29 06:16:27.000000 	40.000000	56.950586	-154.183044	126.851214	-0.033168	-0.006918	0.017938	0.316282	0.254653	0.466784	-0.165687	-0.017769	-0.008217	0.032962	0.232657	0.224009	0.527693
2021-07-29 06:16:28.000000 	41.000000	56.950586	-154.183044	126.851214	-0.027643	-0.012238	0.002503	0.319882	0.257561	0.472105	-0.174772	-0.023959	-0.001022	0.018576	0.235309	0.226561	0.533708
2021-07-29 06:16:29.000000 	42.000000	56.950586	-154.183044	126.851214	-0.043895	-0.023394	0.032391	0.316552	0.254888	0.467198	-0.155372	-0.023996	0.001943	0.054256	0.232864	0.224206	0.528160
2021-07-29 06:16:30.000000 	43.000000	56.950586	-154.183044	126.851214	-0.027203	-0.018651	0.012542	0.349943	0.281785	0.516488	-0.187741	-0.020494	0.004942	0.028297	0.257432	0.247859	0.583881
2021-07-29 06:16:31.000000 	44.000000	56.950586	-154.183044	126.851214	-0.036244	-0.018073	0.015259	0.242720	0.195453	0.358242	-0.122001	-0.025623	0.000485	0.034876	0.178558	0.171917	0.404986
2021-07-29 06:16:32.000000 	45.000000	56.950586	-154.183044	126.851214	-0.039783	-0.014865	0.027783	0.388163	0.312583	0.572918	-0.200768	-0.020292	-0.003944	0.046348	0.285559	0.274938	0.647672
2021-07-29 06:16:33.000000 	46.000000	56.950586	-154.183044	126.851214	-0.029726	-0.014461	0.020213	0.310297	0.249887	0.457998	-0.161602	-0.016685	0.000072	0.034970	0.228280	0.219788	0.517756
2021-07-29 06:16:34.000000 	47.000000	56.950586	-154.183044	126.851214	-0.043141	-0.011440	0.026938	0.303530	0.244447	0.448017	-0.151433	-0.022037	-0.008489	0.046476	0.223306	0.214998	0.506473
2021-07-29 06:16:35.000000 	48.000000	56.950586	-154.183044	126.851214	-0.021944	-0.012049	0.005019	0.359258	0.289337	0.530282	-0.198229	-0.018219	0.001290	0.017841	0.264310	0.254475	0.599470
2021-07-29 06:16:36.000000 	49.000000	56.950586	-154.183044	126.851214	-0.034551	-0.014950	0.005177	0.233808	0.188310	0.345117	-0.121474	-0.028704	-0.001589	0.024852	0.172018	0.165616	0.390146
2021-07-29 06:16:37.000000 	50.000000	56.950586	-154.183044	126.851214	-0.026646	-0.014426	0.015115	0.328363	0.264474	0.484696	-0.174915	-0.017128	0.001381	0.029177	0.241589	0.232597	0.547935
2021-07-29 06:16:38.000000 	51.000000	56.950586	-154.183044	126.851214	-0.044894	-0.015762	0.015792	0.332963	0.268189	0.491495	-0.171814	-0.031016	-0.005363	0.039021	0.244979	0.235859	0.555620
2021-07-29 06:16:39.000000 	52.000000	56.950586	-154.183044	126.851214	-0.013877	-0.012163	0.002426	0.323478	0.260558	0.477502	-0.180770	-0.013587	0.004905	0.011735	0.238004	0.229143	0.539800
2021-07-29 06:16:40.000000 	53.000000	56.950586	-154.183044	126.851214	-0.037938	-0.013132	0.030389	0.281578	0.226816	0.415658	-0.138771	-0.016847	-0.004700	0.047216	0.207180	0.199465	0.469886
2021-07-29 06:16:41.000000 	54.000000	56.950586	-154.183044	126.851214	-0.030729	-0.013858	0.008972	0.358024	0.288405	0.528515	-0.193347	-0.023352	-0.000907	0.025897	0.263433	0.253622	0.597466
2021-07-29 06:16:42.000000 	55.000000	56.950586	-154.183044	126.851214	-0.041084	-0.015078	0.027031	0.292925	0.235973	0.432423	-0.145529	-0.021761	-0.004318	0.046408	0.215537	0.207509	0.488837
2021-07-29 06:16:43.000000 	56.000000	56.950586	-154.183044	126.851214	-0.037181	-0.022883	0.023024	0.349888	0.281871	0.516521	-0.180385	-0.023851	0.004407	0.042986	0.257456	0.247865	0.583906
2021-07-29 06:16:44.000000 	57.000000	56.950586	-154.183044	126.851214	-0.042162	-0.010930	0.026818	0.288567	0.232479	0.426004	-0.143172	-0.021177	-0.008522	0.045773	0.212339	0.204428	0.481579
2021-07-29 06:16:45.000000 	58.000000	56.950586	-154.183044	126.851214	-0.018615	-0.022474	-0.005228	0.314462	0.253350	0.464239	-0.175962	-0.025101	0.012124	0.010094	0.231397	0.222775	0.524801
2021-07-29 06:16:46.000000 	59.000000	56.950586	-154.183044	126.851214	-0.032909	-0.015959	0.027087	0.306204	0.246706	0.452056	-0.155515	-0.015885	0.000035	0.042651	0.225325	0.216928	0.511028
2021-07-29 06:16:47.000000 	60.000000	56.950586	-154.183044	126.851214	-0.039380	-0.006965	0.021994	0.340895	0.274666	0.503280	-0.176584	-0.020261	-0.010880	0.039423	0.250859	0.241509	0.568933
2021-07-29 06:16:48.000000 	61.000000	56.950586	-154.183044	126.851214	-0.039340	-0.018767	0.019840	0.298564	0.240568	0.440792	-0.151711	-0.025715	-0.000239	0.040401	0.219712	0.211522	0.498293
2021-07-29 06:16:49.000000 	62.000000	56.950586	-154.183044	126.851214	-0.026724	-0.010890	0.005322	0.305204	0.245927	0.450602	-0.165677	-0.021237	-0.001835	0.020167	0.224603	0.216229	0.509382
2021-07-29 06:16:50.000000 	63.000000	56.950586	-154.183044	126.851214	-0.030075	-0.020008	0.008406	0.378161	0.304725	0.558325	-0.204752	-0.025412	0.004913	0.026563	0.278299	0.267922	0.631157
2021-07-29 06:16:51.000000 	64.000000	56.950586	-154.183044	126.851214	-0.026105	-0.015008	0.000323	0.285498	0.230065	0.421522	-0.155893	-0.025000	0.002142	0.016651	0.210109	0.202274	0.476507
2021-07-29 06:16:52.000000 	65.000000	56.950586	-154.183044	126.851214	-0.038049	-0.004821	0.033317	0.327561	0.263970	0.483633	-0.165012	-0.012300	-0.012230	0.047750	0.241070	0.232079	0.546719
2021-07-29 06:16:53.000000 	66.000000	56.950586	-154.183044	126.851214	-0.043898	-0.019961	0.031682	0.308478	0.248601	0.455465	-0.151416	-0.023131	-0.001149	0.052848	0.227030	0.218561	0.514876
2021-07-29 06:16:54.000000 	67.000000	56.950586	-154.183044	126.851214	-0.035430	-0.012995	0.005818	0.296605	0.239041	0.437943	-0.157708	-0.028304	-0.003732	0.025356	0.218296	0.210152	0.495067
2021-07-29 06:16:55.000000 	68.000000	56.950586	-154.183044	126.851214	-0.031246	-0.015808	0.034785	0.337549	0.272049	0.498406	-0.171106	-0.010376	0.000622	0.048251	0.248436	0.239166	0.563416
2021-07-29 06:16:56.000000 	69.000000	56.950586	-154.183044	126.851214	-0.034973	-0.016537	0.006925	0.349575	0.281751	0.516171	-0.187760	-0.028648	-0.000344	0.026901	0.257292	0.247690	0.583497
2021-07-29 06:16:57.000000 	70.000000	56.950586	-154.183044	126.851214	-0.026442	-0.010394	0.005822	0.263859	0.212674	0.389612	-0.141709	-0.020570	-0.002159	0.020329	0.194208	0.186960	0.440430
2021-07-29 06:16:58.000000 	71.000000	56.950586	-154.183044	126.851214	-0.028288	-0.022588	0.010254	0.371590	0.299517	0.548697	-0.200473	-0.023997	0.008014	0.027847	0.273507	0.263297	0.620263
2021-07-29 06:16:59.000000 	72.000000	56.950586	-154.183044	126.851214	-0.042292	-0.010879	0.013722	0.279833	0.225565	0.413213	-0.143097	-0.028398	-0.008625	0.034848	0.205973	0.198284	0.467108
2021-07-29 06:17:00.000000 	73.000000	56.950586	-154.183044	126.851214	-0.031352	-0.009551	0.029115	0.328088	0.264471	0.484476	-0.168500	-0.011265	-0.005056	0.042064	0.241497	0.232480	0.547664
2021-07-29 06:17:01.000000 	74.000000	56.950586	-154.183044	126.851214	-0.033246	-0.010470	0.024492	0.308712	0.248862	0.455872	-0.158490	-0.015550	-0.005054	0.039337	0.227239	0.218754	0.515329
2021-07-29 06:17:02.000000 	75.000000	56.950586	-154.183044	126.851214	-0.023565	-0.020969	0.010053	0.339191	0.273442	0.500888	-0.183325	-0.019953	0.008613	0.024976	0.249680	0.240355	0.566215
2021-07-29 06:17:03.000000 	76.000000	56.950586	-154.183044	126.851214	-0.046979	-0.012217	0.051303	0.293726	0.236798	0.433756	-0.134963	-0.011929	-0.009462	0.068967	0.216217	0.208141	0.490327
2021-07-29 06:17:04.000000 	77.000000	56.950586	-154.183044	126.851214	-0.036084	-0.011102	0.008019	0.346570	0.279410	0.511801	-0.185872	-0.026906	-0.005721	0.027074	0.255121	0.245591	0.578549
2021-07-29 06:17:05.000000 	78.000000	56.950586	-154.183044	126.851214	-0.019524	-0.017589	-0.006976	0.330289	0.266294	0.487766	-0.186196	-0.024956	0.007330	0.007915	0.243142	0.234057	0.551378
2021-07-29 06:17:06.000000 	79.000000	56.950586	-154.183044	126.851214	-0.033891	-0.020925	0.012490	0.292159	0.235561	0.431464	-0.152218	-0.026399	0.004077	0.032077	0.215077	0.207040	0.487733
2021-07-29 06:17:07.000000 	80.000000	56.950586	-154.183044	126.851214	-0.024113	-0.003909	0.018493	0.294722	0.237636	0.435255	-0.155979	-0.009535	-0.006982	0.028267	0.216968	0.208859	0.492018
2021-07-29 06:17:08.000000 	81.000000	56.950586	-154.183044	126.851214	-0.046648	-0.025031	0.029888	0.322708	0.260211	0.476594	-0.159017	-0.028035	0.002218	0.053898	0.237576	0.228695	0.538746
2021-07-29 06:17:09.000000 	82.000000	56.950586	-154.183044	126.851214	-0.023979	-0.008558	0.045325	0.340403	0.274488	0.502734	-0.171165	0.003502	-0.002739	0.051796	0.250608	0.241239	0.568295
2021-07-29 06:17:10.000000 	83.000000	56.950586	-154.183044	126.851214	-0.028256	-0.000537	0.001702	0.324659	0.261803	0.479490	-0.178907	-0.020588	-0.011822	0.015425	0.239022	0.230085	0.542018
2021-07-29 06:17:11.000000 	84.000000	56.950586	-154.183044	126.851214	-0.034318	-0.017417	0.027138	0.282410	0.227742	0.417100	-0.141222	-0.017452	0.000733	0.043731	0.207921	0.200147	0.471491
2021-07-29 06:17:12.000000 	85.000000	56.950586	-154.183044	126.851214	-0.028464	0.004171	0.017418	0.339135	0.273496	0.500887	-0.181525	-0.010456	-0.016150	0.027583	0.249690	0.240352	0.566203
2021-07-29 06:17:13.000000 	86.000000	56.950586	-154.183044	126.851214	-0.021828	-0.020381	0.013741	0.312004	0.251625	0.460822	-0.166752	-0.016416	0.008841	0.027074	0.229719	0.221127	0.520913
2021-07-29 06:17:14.000000 	87.000000	56.950586	-154.183044	126.851214	-0.028693	-0.001880	0.005672	0.319226	0.257460	0.471497	-0.174016	-0.019243	-0.010804	0.019287	0.235042	0.226249	0.532980
2021-07-29 06:17:15.000000 	88.000000	56.950586	-154.183044	126.851214	-0.016061	-0.012846	0.025850	0.314517	0.253671	0.464549	-0.165798	-0.002711	0.004569	0.032603	0.231579	0.222915	0.525125
2021-07-29 06:17:16.000000 	89.000000	56.950586	-154.183044	126.851214	-0.031667	-0.006897	0.016894	0.311087	0.250914	0.459490	-0.163669	-0.017198	-0.007582	0.031344	0.229058	0.220487	0.519405
2021-07-29 06:17:17.000000 	90.000000	56.950586	-154.183044	126.851214	-0.023880	0.003119	0.025110	0.283215	0.228441	0.418329	-0.147349	-0.003186	-0.013207	0.032030	0.208540	0.200736	0.472875
2021-07-29 06:17:18.000000 	91.000000	56.950586	-154.183044	126.851214	-0.034706	-0.025938	0.009821	0.330362	0.266480	0.487976	-0.174573	-0.030300	0.008235	0.031430	0.243262	0.234156	0.551604
2021-07-29 06:17:19.000000 	92.000000	56.950586	-154.183044	126.851214	-0.046655	-0.029416	0.007362	0.331177	0.267147	0.489187	-0.171901	-0.041926	0.006162	0.036061	0.243867	0.234737	0.552972
2021-07-29 06:17:20.000000 	93.000000	56.950586	-154.183044	126.851214	-0.038652	-0.003227	-0.009356	0.299615	0.241696	0.442573	-0.165058	-0.035445	-0.013927	0.011899	0.220630	0.212369	0.500278
2021-07-29 06:17:21.000000 	94.000000	56.950586	-154.183044	126.851214	-0.040725	-0.032937	0.018661	0.318353	0.256821	0.470259	-0.161574	-0.032575	0.011913	0.043457	0.234433	0.225655	0.531574
2021-07-29 06:17:22.000000 	95.000000	56.950586	-154.183044	126.851214	-0.054678	-0.031059	-0.012827	0.313665	0.253049	0.463343	-0.165995	-0.059590	0.004147	0.023468	0.230986	0.222336	0.523754
2021-07-29 06:17:23.000000 	96.000000	56.950586	-154.183044	126.851214	-0.024066	-0.032471	-0.020031	0.321956	0.259748	0.475598	-0.182914	-0.040936	0.018749	0.002737	0.237097	0.228216	0.537606
2021-07-29 06:17:24.000000 	97.000000	56.950586	-154.183044	126.851214	-0.041098	-0.023168	0.061302	0.320464	0.258553	0.473400	-0.147061	-0.006036	0.002958	0.077062	0.236003	0.227162	0.535121
2021-07-29 06:17:25.000000 	98.000000	56.950586	-154.183044	126.851214	-0.019118	-0.027212	-0.005495	0.330986	0.267052	0.488951	-0.184993	-0.027356	0.016170	0.011243	0.243757	0.234624	0.552698
2021-07-29 06:17:26.000000 	99.000000	56.950586	-154.183044	126.851214	-0.056628	-0.034430	0.020903	0.310591	0.250606	0.458831	-0.151090	-0.043897	0.006332	0.053499	0.228742	0.220171	0.518650
2021-07-29 06:17:27.000000 	100.000000	56.950586	-154.183044	126.851214	-0.045040	-0.034529	-0.040323	0.261221	0.210779	0.385903	-0.146838	-0.068579	0.011468	-0.003486	0.192387	0.185177	0.436214
2021-07-29 06:17:28.000000 	101.000000	56.950586	-154.183044	126.851214	-0.060369	-0.039150	0.008861	0.398398	0.321478	0.588563	-0.204995	-0.055009	0.008952	0.046362	0.293422	0.282424	0.665294
2021-07-29 06:17:29.000000 	102.000000	56.950586	-154.183044	126.851214	-0.031727	-0.014808	0.017431	0.298446	0.240833	0.440909	-0.155374	-0.019839	-0.000487	0.033703	0.219812	0.211572	0.498389
2021-07-29 06:17:30.000000 	103.000000	56.950586	-154.183044	126.851214	-0.026195	-0.031503	0.024653	0.321310	0.259293	0.474695	-0.165328	-0.017820	0.016951	0.041006	0.236657	0.227784	0.536579
2021-07-29 06:17:31.000000 	104.000000	56.950586	-154.183044	126.851214	-0.006888	0.008501	0.038556	0.301563	0.243367	0.445528	-0.157212	0.018933	-0.010653	0.033680	0.222117	0.213788	0.503608
2021-07-29 06:17:32.000000 	105.000000	56.950586	-154.183044	126.851214	-0.023437	-0.029476	0.012104	0.339720	0.274170	0.501909	-0.181901	-0.021843	0.016327	0.028652	0.250228	0.240843	0.567339
2021-07-29 06:17:33.000000 	106.000000	56.950586	-154.183044	126.851214	-0.045457	-0.035764	0.043904	0.290883	0.234765	0.429763	-0.134117	-0.023410	0.012398	0.067610	0.214260	0.206224	0.485786
2021-07-29 06:17:34.000000 	107.000000	56.950586	-154.183044	126.851214	-0.024957	0.007735	0.037132	0.380792	0.307340	0.562607	-0.199017	0.004243	-0.017832	0.041539	0.280492	0.269970	0.635946
2021-07-29 06:17:35.000000 	108.000000	56.950586	-154.183044	126.851214	-0.033597	-0.010815	0.013135	0.326814	0.263784	0.482864	-0.173347	-0.022134	-0.004896	0.030072	0.240737	0.231705	0.545807
2021-07-29 06:17:36.000000 	109.000000	56.950586	-154.183044	126.851214	-0.040596	-0.006900	0.051256	0.315345	0.254536	0.465925	-0.149945	-0.005197	-0.011468	0.064531	0.232293	0.223577	0.526659
2021-07-29 06:17:37.000000 	110.000000	56.950586	-154.183044	126.851214	-0.034085	-0.023395	0.038115	0.398978	0.322054	0.589503	-0.203883	-0.013472	0.006216	0.054238	0.293907	0.282877	0.666344
2021-07-29 06:17:38.000000 	111.000000	56.950586	-154.183044	126.851214	-0.035711	-0.003474	0.021748	0.272137	0.219676	0.402097	-0.138376	-0.016353	-0.012425	0.036586	0.200474	0.192949	0.454509
2021-07-29 06:17:39.000000 	112.000000	56.950586	-154.183044	126.851214	-0.041967	-0.019306	0.018349	0.352624	0.284658	0.521029	-0.182964	-0.028707	-0.000898	0.040568	0.259772	0.250020	0.588943
2021-07-29 06:17:40.000000 	113.000000	56.950586	-154.183044	126.851214	-0.037773	-0.000615	-0.018097	0.212728	0.171732	0.314327	-0.117851	-0.038595	-0.015896	0.003521	0.156716	0.150832	0.355297
2021-07-29 06:17:41.000000 	114.000000	56.950586	-154.183044	126.851214	-0.038501	0.004309	0.033154	0.298216	0.240755	0.440651	-0.148762	-0.009396	-0.020646	0.045667	0.219700	0.211451	0.498086
2021-07-29 06:17:42.000000 	115.000000	56.950586	-154.183044	126.851214	-0.014731	0.015066	-0.013383	0.438878	0.354327	0.648506	-0.255962	-0.012915	-0.019978	-0.007564	0.323335	0.311192	0.733032
2021-07-29 06:17:43.000000 	116.000000	56.950586	-154.183044	126.851214	-0.036866	-0.005381	0.022913	0.201422	0.162624	0.297635	-0.096298	-0.017286	-0.011211	0.038583	0.148397	0.142823	0.336428
2021-07-29 06:17:44.000000 	117.000000	56.950586	-154.183044	126.851214	-0.001792	-0.019406	0.024708	0.353389	0.285329	0.522199	-0.191601	0.005039	0.016688	0.026199	0.260364	0.250583	0.590260
2021-07-29 06:17:45.000000 	118.000000	56.950586	-154.183044	126.851214	-0.012744	-0.005713	0.013009	0.302426	0.244190	0.446899	-0.165635	-0.004607	-0.000407	0.018517	0.222822	0.214450	0.505144
2021-07-29 06:17:46.000000 	119.000000	56.950586	-154.183044	126.851214	-0.013618	-0.010995	0.010946	0.290896	0.234889	0.429867	-0.159024	-0.008319	0.003967	0.018472	0.214331	0.206278	0.485892
2021-07-29 06:17:47.000000 	120.000000	56.950586	-154.183044	126.851214	-0.046646	-0.011939	0.039359	0.368268	0.297376	0.544211	-0.183272	-0.018089	-0.009567	0.058726	0.271345	0.261147	0.615136
2021-07-29 06:17:48.000000 	121.000000	56.950586	-154.183044	126.851214	-0.040182	-0.018870	0.013319	0.314811	0.254219	0.465222	-0.163537	-0.029944	-0.000513	0.035372	0.231962	0.223244	0.525852
2021-07-29 06:17:49.000000 	122.000000	56.950586	-154.183044	126.851214	-0.033980	-0.028526	0.037373	0.328924	0.265625	0.486084	-0.163064	-0.015670	0.010881	0.054782	0.242366	0.233255	0.549432
2021-07-29 06:17:50.000000 	123.000000	56.950586	-154.183044	126.851214	-0.033775	-0.023921	0.022922	0.263490	0.212792	0.389393	-0.131380	-0.021715	0.006824	0.041476	0.194157	0.186857	0.440139
2021-07-29 06:17:51.000000 	124.000000	56.950586	-154.183044	126.851214	-0.038207	-0.009230	0.039624	0.320399	0.258760	0.473500	-0.158117	-0.010588	-0.008330	0.054162	0.236096	0.227218	0.535206
2021-07-29 06:17:52.000000 	125.000000	56.950586	-154.183044	126.851214	-0.029496	0.011154	0.006814	0.415873	0.335880	0.614607	-0.230441	-0.014468	-0.022886	0.017543	0.306456	0.294931	0.694700
2021-07-29 06:17:53.000000 	126.000000	56.950586	-154.183044	126.851214	-0.039652	-0.011977	0.029189	0.239364	0.193329	0.353754	-0.114513	-0.018372	-0.006487	0.046778	0.176390	0.169756	0.399853
2021-07-29 06:17:55.000000 	128.000000	56.950586	-154.183044	126.851214	-0.040671	-0.011314	0.006245	0.285230	0.230392	0.421551	-0.149658	-0.031412	-0.007528	0.027888	0.210199	0.202291	0.476483
2021-07-29 06:17:56.000000 	129.000000	56.950586	-154.183044	126.851214	-0.032586	-0.027304	-0.005403	0.284998	0.230213	0.421215	-0.154396	-0.037501	0.010388	0.017953	0.210033	0.202130	0.476102
2021-07-29 06:17:57.000000 	130.000000	56.950586	-154.183044	126.851214	-0.039212	-0.032750	0.028794	0.778816	0.629130	1.151075	-0.424960	-0.025839	0.012405	0.051164	0.573974	0.552372	1.301066
2021-07-29 06:17:58.000000 	131.000000	56.950586	-154.183044	126.851214	-0.028459	-0.010227	0.041612	0.397351	0.320993	0.587286	-0.204488	-0.002513	-0.003188	0.051280	0.292847	0.281824	0.663811
2021-07-29 06:17:59.000000 	132.000000	56.950586	-154.183044	126.851214	-0.031909	-0.026733	0.018806	0.214302	0.173127	0.316743	-0.104509	-0.023579	0.010168	0.037778	0.157944	0.151998	0.358015
2021-07-29 06:18:00.000000 	133.000000	56.950586	-154.183044	126.851214	-0.030713	-0.004639	0.024796	0.419586	0.338981	0.620168	-0.223989	-0.011345	-0.009199	0.036964	0.309249	0.297605	0.700975
2021-07-29 06:18:01.000000 	134.000000	56.950586	-154.183044	126.851214	-0.047565	-0.040206	0.051179	0.249574	0.201637	0.368887	-0.105915	-0.022655	0.015479	0.075799	0.183948	0.177021	0.416951
2021-07-29 06:18:02.000000 	135.000000	56.950586	-154.183044	126.851214	-0.046843	-0.017107	0.001510	0.340272	0.274925	0.502953	-0.180907	-0.040766	-0.005001	0.028325	0.250804	0.241358	0.568485
2021-07-29 06:18:03.000000 	136.000000	56.950586	-154.183044	126.851214	-0.027270	-0.021106	-0.013111	0.316098	0.255403	0.467228	-0.177754	-0.035431	0.007123	0.007411	0.232991	0.224215	0.528104
2021-07-29 06:18:04.000000 	137.000000	56.950586	-154.183044	126.851214	-0.052300	-0.021008	0.011398	0.267382	0.216049	0.395227	-0.132503	-0.040915	-0.003865	0.040219	0.197088	0.189663	0.446720
2021-07-29 06:18:05.000000 	138.000000	56.950586	-154.183044	126.851214	-0.033589	-0.005882	0.016200	0.348799	0.281846	0.515578	-0.185481	-0.018657	-0.009333	0.031465	0.257106	0.247419	0.582751
2021-07-29 06:18:06.000000 	139.000000	56.950586	-154.183044	126.851214	-0.028450	-0.000867	0.019012	0.301832	0.243904	0.446161	-0.159102	-0.011415	-0.011609	0.030108	0.222491	0.214107	0.504289
2021-07-29 06:18:07.000000 	140.000000	56.950586	-154.183044	126.851214	-0.028601	-0.028062	0.018664	0.302055	0.244093	0.446497	-0.156416	-0.021646	0.012806	0.036350	0.222661	0.214269	0.504668
2021-07-29 06:18:08.000000 	141.000000	56.950586	-154.183044	126.851214	-0.011871	-0.012356	0.020319	0.311917	0.252072	0.461082	-0.167827	-0.002386	0.005953	0.025794	0.229936	0.221269	0.521151
2021-07-29 06:18:09.000000 	142.000000	56.950586	-154.183044	126.851214	-0.032153	-0.011709	0.024131	0.304625	0.246188	0.450309	-0.156679	-0.015374	-0.003462	0.038792	0.224566	0.216099	0.508973
2021-07-29 06:18:10.000000 	143.000000	56.950586	-154.183044	126.851214	-0.038822	-0.034529	0.017448	0.324873	0.262562	0.480248	-0.166345	-0.032382	0.014176	0.041884	0.239498	0.230468	0.542812
2021-07-29 06:18:11.000000 	144.000000	56.950586	-154.183044	126.851214	-0.019260	-0.029333	-0.000698	0.315791	0.255232	0.466829	-0.174203	-0.025620	0.018017	0.015837	0.232808	0.224029	0.527643
2021-07-29 06:18:12.000000 	145.000000	56.950586	-154.183044	126.851214	-0.026301	-0.015031	0.014794	0.291569	0.235664	0.431029	-0.154082	-0.017263	0.002077	0.028882	0.214957	0.206849	0.487179
2021-07-29 06:18:13.000000 	146.000000	56.950586	-154.183044	126.851214	-0.046885	-0.007952	0.052694	0.376355	0.304205	0.556375	-0.183028	-0.009542	-0.013260	0.069073	0.277470	0.267004	0.628853
2021-07-29 06:18:14.000000 	147.000000	56.950586	-154.183044	126.851214	-0.038836	-0.007424	0.023340	0.360419	0.291335	0.532825	-0.187810	-0.019284	-0.010230	0.040393	0.265728	0.255703	0.602233
2021-07-29 06:18:15.000000 	148.000000	56.950586	-154.183044	126.851214	-0.042394	-0.010207	0.038028	0.264059	0.213453	0.390377	-0.124800	-0.014975	-0.009274	0.055112	0.194689	0.187343	0.441228
2021-07-29 06:18:16.000000 	149.000000	56.950586	-154.183044	126.851214	-0.022072	-0.003440	0.000954	0.316500	0.255854	0.467911	-0.176232	-0.017389	-0.006515	0.012453	0.233359	0.224552	0.528861
2021-07-29 06:18:17.000000 	150.000000	56.950586	-154.183044	126.851214	-0.027300	-0.014118	0.030807	0.316038	0.255490	0.467235	-0.161791	-0.008952	0.000820	0.042577	0.233024	0.224229	0.528095
2021-07-29 06:18:18.000000 	151.000000	56.950586	-154.183044	126.851214	-0.024772	-0.004505	0.009760	0.300110	0.242623	0.443693	-0.162493	-0.015013	-0.006733	0.021413	0.221285	0.212932	0.501486
2021-07-29 06:18:19.000000 	152.000000	56.950586	-154.183044	126.851214	-0.052231	-0.018113	0.048494	0.366413	0.296237	0.541725	-0.176487	-0.019575	-0.006441	0.070591	0.270180	0.259979	0.612287
2021-07-29 06:18:20.000000 	153.000000	56.950586	-154.183044	126.851214	-0.014779	-0.012989	0.004743	0.287531	0.232472	0.425108	-0.159080	-0.013307	0.005257	0.014316	0.212020	0.204015	0.480479
2021-07-29 06:18:21.000000 	154.000000	56.950586	-154.183044	126.851214	-0.029060	-0.014432	0.020828	0.363945	0.294264	0.538092	-0.192971	-0.015836	0.000336	0.035152	0.268373	0.258238	0.608177
2021-07-29 06:18:22.000000 	155.000000	56.950586	-154.183044	126.851214	-0.060232	-0.031866	0.015201	0.283857	0.229519	0.419688	-0.136804	-0.048790	0.002454	0.049879	0.209321	0.201415	0.474351
2021-07-29 06:18:23.000000 	156.000000	56.950586	-154.183044	126.851214	-0.045176	-0.007150	0.039617	0.329682	0.266581	0.487448	-0.161775	-0.015092	-0.013237	0.057083	0.243119	0.233935	0.550934
2021-07-29 06:18:24.000000 	157.000000	56.950586	-154.183044	126.851214	-0.039463	-0.017552	-0.000698	0.375472	0.303619	0.555158	-0.204525	-0.036564	-0.001386	0.022958	0.276893	0.266432	0.627463
2021-07-29 06:18:25.000000 	158.000000	56.950586	-154.183044	126.851214	-0.035978	-0.023455	0.017857	0.255949	0.206977	0.378441	-0.128437	-0.025970	0.005446	0.038201	0.188755	0.181622	0.427729
2021-07-29 06:18:26.000000 	159.000000	56.950586	-154.183044	126.851214	-0.015897	-0.005074	0.006413	0.345769	0.279622	0.511255	-0.192654	-0.010350	-0.002355	0.014385	0.255001	0.245364	0.577839
2021-07-29 06:18:27.000000 	160.000000	56.950586	-154.183044	126.851214	-0.039953	-0.015889	0.030693	0.289292	0.233958	0.427754	-0.142577	-0.019207	-0.003096	0.049115	0.213355	0.205291	0.483462
2021-07-29 06:18:28.000000 	161.000000	56.950586	-154.183044	126.851214	-0.032170	-0.015025	0.022148	0.295743	0.239184	0.437298	-0.152026	-0.017679	-0.000485	0.037926	0.218118	0.209872	0.494248
2021-07-29 06:18:29.000000 	162.000000	56.950586	-154.183044	126.851214	-0.038659	-0.000130	0.015355	0.406997	0.329174	0.601812	-0.218650	-0.020844	-0.016719	0.031880	0.300177	0.288828	0.680184
2021-07-29 06:18:30.000000 	163.000000	56.950586	-154.183044	126.851214	-0.024730	0.001930	0.016586	0.221720	0.179332	0.327854	-0.114987	-0.008910	-0.012507	0.025584	0.163532	0.157348	0.370550
2021-07-29 06:18:31.000000 	164.000000	56.950586	-154.183044	126.851214	-0.026852	-0.025105	0.019883	0.355954	0.287914	0.526352	-0.188157	-0.018582	0.010906	0.035812	0.262545	0.252615	0.594895
2021-07-29 06:18:32.000000 	165.000000	56.950586	-154.183044	126.851214	-0.036118	-0.027885	0.005791	0.264741	0.214144	0.391479	-0.137447	-0.034273	0.009372	0.029208	0.195272	0.187886	0.442458
2021-07-29 06:18:33.000000 	166.000000	56.950586	-154.183044	126.851214	-0.024776	-0.008885	-0.003674	0.358695	0.290153	0.530419	-0.201193	-0.023942	-0.002792	0.011194	0.264579	0.254570	0.599490
2021-07-29 06:18:34.000000 	167.000000	56.950586	-154.183044	126.851214	-0.033654	-0.017885	0.031529	0.312077	0.252452	0.461489	-0.157112	-0.014727	0.001443	0.047197	0.230198	0.221488	0.521582
2021-07-29 06:18:35.000000 	168.000000	56.950586	-154.183044	126.851214	-0.034330	-0.008343	0.045540	0.281133	0.227429	0.415736	-0.134276	-0.004113	-0.007440	0.057007	0.207378	0.199531	0.469870
2021-07-29 06:18:36.000000 	169.000000	56.950586	-154.183044	126.851214	-0.026038	-0.006262	0.036864	0.360723	0.291827	0.533440	-0.186392	-0.001828	-0.005702	0.045170	0.266094	0.256023	0.602899
2021-07-29 06:18:37.000000 	170.000000	56.950586	-154.183044	126.851214	-0.035587	-0.014175	0.015669	0.249717	0.202030	0.369288	-0.126886	-0.023481	-0.002738	0.033971	0.184213	0.177240	0.417373
2021-07-29 06:18:38.000000 	171.000000	56.950586	-154.183044	126.851214	-0.044433	-0.007481	0.009804	0.365007	0.295316	0.539791	-0.194076	-0.030910	-0.012616	0.031808	0.269268	0.259074	0.610074
2021-07-29 06:18:39.000000 	172.000000	56.950586	-154.183044	126.851214	-0.026735	-0.024826	0.006589	0.309949	0.250780	0.458375	-0.166681	-0.025642	0.010705	0.024544	0.228658	0.220000	0.518057
2021-07-29 06:18:40.000000 	173.000000	56.950586	-154.183044	126.851214	-0.036332	-0.022075	0.027153	0.313637	0.253774	0.463835	-0.158523	-0.020664	0.004049	0.045839	0.231384	0.222622	0.524227
2021-07-29 06:18:41.000000 	174.000000	56.950586	-154.183044	126.851214	-0.039706	-0.024244	0.018512	0.336052	0.271921	0.496992	-0.173634	-0.028714	0.004532	0.040767	0.247927	0.238537	0.561699
2021-07-29 06:18:42.000000 	175.000000	56.950586	-154.183044	126.851214	-0.030999	-0.025391	0.000721	0.309204	0.250206	0.457291	-0.167147	-0.032266	0.009356	0.021853	0.228125	0.219483	0.516828
2021-07-29 06:18:43.000000 	176.000000	56.950586	-154.183044	126.851214	-0.050453	-0.013446	0.039770	0.362275	0.293163	0.535788	-0.178607	-0.021288	-0.009868	0.061298	0.267287	0.257160	0.605543
2021-07-29 06:18:44.000000 	177.000000	56.950586	-154.183044	126.851214	-0.028022	-0.012899	0.009573	0.280339	0.226867	0.414614	-0.149424	-0.020631	-0.000593	0.024845	0.206839	0.199002	0.468593
2021-07-29 06:18:45.000000 	178.000000	56.950586	-154.183044	126.851214	-0.028188	0.000987	0.031871	0.317962	0.257323	0.470263	-0.163693	-0.003527	-0.013164	0.040319	0.234604	0.225713	0.531485
2021-07-29 06:18:46.000000 	179.000000	56.950586	-154.183044	126.851214	-0.037627	-0.022107	0.030416	0.302823	0.245081	0.447879	-0.150616	-0.019873	0.003514	0.049218	0.223440	0.214971	0.506186
2021-07-29 06:18:47.000000 	180.000000	56.950586	-154.183044	126.851214	-0.025560	-0.000595	0.015424	0.305247	0.247052	0.451470	-0.163485	-0.011091	-0.010595	0.025618	0.225234	0.216696	0.510244
2021-07-29 06:18:48.000000 	181.000000	56.950586	-154.183044	126.851214	-0.031788	-0.021020	0.017218	0.370517	0.299890	0.548014	-0.196823	-0.022268	0.005078	0.035030	0.273402	0.263036	0.619354
2021-07-29 06:18:49.000000 	182.000000	56.950586	-154.183044	126.851214	-0.033072	-0.002051	0.008386	0.297109	0.240484	0.439445	-0.159161	-0.021129	-0.012557	0.023753	0.219240	0.210927	0.496651
2021-07-29 06:18:50.000000 	183.000000	56.950586	-154.183044	126.851214	-0.044981	-0.016961	0.029971	0.278386	0.225339	0.411759	-0.134959	-0.023786	-0.004321	0.051232	0.205430	0.197639	0.465360
2021-07-29 06:18:51.000000 	184.000000	56.950586	-154.183044	126.851214	-0.031578	-0.005502	0.011860	0.307630	0.249020	0.455020	-0.164093	-0.019367	-0.008799	0.026751	0.227016	0.218405	0.514251
2021-07-29 06:18:52.000000 	185.000000	56.950586	-154.183044	126.851214	-0.033185	-0.004771	0.023151	0.368014	0.297911	0.544341	-0.194320	-0.014155	-0.010157	0.036830	0.271582	0.261280	0.615197
2021-07-29 06:18:53.000000 	186.000000	56.950586	-154.183044	126.851214	-0.028944	-0.018565	0.023556	0.241368	0.195397	0.357019	-0.120531	-0.015770	0.004107	0.038364	0.178126	0.171368	0.403491
2021-07-29 06:18:54.000000 	187.000000	56.950586	-154.183044	126.851214	-0.033957	-0.017008	0.024356	0.359601	0.291123	0.531912	-0.187580	-0.018548	0.000522	0.041125	0.265388	0.255317	0.601147
2021-07-29 06:18:55.000000 	188.000000	56.950586	-154.183044	126.851214	-0.028601	-0.010776	0.018361	0.328070	0.265607	0.485278	-0.173802	-0.015501	-0.002755	0.031990	0.242124	0.232935	0.548443
2021-07-29 06:18:56.000000 	189.000000	56.950586	-154.183044	126.851214	-0.037171	-0.018696	0.008691	0.313200	0.253578	0.463289	-0.165526	-0.030131	0.000642	0.029974	0.231155	0.222381	0.523590
2021-07-29 06:18:57.000000 	190.000000	56.950586	-154.183044	126.851214	-0.044612	-0.005761	0.049282	0.309072	0.250246	0.457189	-0.146339	-0.008888	-0.014242	0.064578	0.228115	0.219455	0.516695
2021-07-29 06:18:58.000000 	191.000000	56.950586	-154.183044	126.851214	-0.028018	-0.009608	-0.006546	0.304045	0.246185	0.449758	-0.169642	-0.028218	-0.003553	0.010550	0.224410	0.215889	0.508296
2021-07-29 06:18:59.000000 	192.000000	56.950586	-154.183044	126.851214	-0.032832	-0.024447	0.019053	0.326884	0.264688	0.483549	-0.170149	-0.023306	0.007709	0.037894	0.241273	0.232111	0.546484
2021-07-29 06:19:00.000000 	193.000000	56.950586	-154.183044	126.851214	-0.031012	-0.023262	0.030019	0.302653	0.245077	0.447711	-0.152468	-0.015520	0.007434	0.045912	0.223394	0.214909	0.505979
2021-07-29 06:19:01.000000 	194.000000	56.950586	-154.183044	126.851214	-0.037109	-0.017560	0.006135	0.341353	0.276425	0.504966	-0.183020	-0.031064	-0.000354	0.027531	0.251966	0.242395	0.570685
2021-07-29 06:19:02.000000 	195.000000	56.950586	-154.183044	126.851214	-0.041662	-0.024107	0.042051	0.252930	0.204829	0.374166	-0.115641	-0.017303	0.003557	0.061425	0.186702	0.179609	0.422861
2021-07-29 06:19:03.000000 	196.000000	56.950586	-154.183044	126.851214	-0.032687	-0.003463	0.009719	0.354772	0.287315	0.524832	-0.192168	-0.020628	-0.011118	0.025016	0.261885	0.251934	0.593133
2021-07-29 06:19:04.000000 	197.000000	56.950586	-154.183044	126.851214	-0.034899	-0.014301	0.036526	0.320060	0.259213	0.473486	-0.159904	-0.011633	-0.002325	0.051145	0.236267	0.227289	0.535105
2021-07-29 06:19:05.000000 	198.000000	56.950586	-154.183044	126.851214	-0.027023	-0.016235	0.017125	0.326541	0.264473	0.483080	-0.173312	-0.016977	0.002847	0.031476	0.241058	0.231896	0.545946
2021-07-29 06:19:06.000000 	199.000000	56.950586	-154.183044	126.851214	-0.040454	0.000895	0.028452	0.300234	0.243176	0.444168	-0.151279	-0.014681	-0.018424	0.043495	0.221644	0.213218	0.501969
2021-07-29 06:19:07.000000 	200.000000	56.950586	-154.183044	126.851214	-0.032745	-0.022376	0.015375	0.318477	0.257962	0.471162	-0.166986	-0.024491	0.005883	0.034278	0.235117	0.226178	0.532475
2021-07-29 06:19:08.000000 	201.000000	56.950586	-154.183044	126.851214	-0.036371	-0.013922	0.003329	0.307069	0.248731	0.454292	-0.164781	-0.030709	-0.003307	0.023953	0.226701	0.218081	0.513407
2021-07-29 06:19:09.000000 	202.000000	56.950586	-154.183044	126.851214	-0.027082	-0.020925	0.008178	0.320793	0.259858	0.474602	-0.172882	-0.023613	0.007042	0.025120	0.236840	0.227832	0.536359
2021-07-29 06:19:10.000000 	203.000000	56.950586	-154.183044	126.851214	-0.036196	-0.006458	0.029357	0.312985	0.253543	0.463056	-0.159029	-0.013659	-0.009949	0.043910	0.231081	0.222292	0.523310
2021-07-29 06:19:11.000000 	204.000000	56.950586	-154.183044	126.851214	-0.032528	-0.008898	0.013529	0.315882	0.255900	0.467347	-0.167723	-0.020413	-0.006156	0.029422	0.233226	0.224353	0.528158
2021-07-29 06:19:12.000000 	205.000000	56.950586	-154.183044	126.851214	-0.044876	-0.020111	0.045811	0.316201	0.256169	0.467826	-0.150544	-0.016219	-0.001440	0.065206	0.233468	0.224585	0.528698
2021-07-29 06:19:13.000000 	206.000000	56.950586	-154.183044	126.851214	-0.029495	-0.016669	0.019754	0.333910	0.270526	0.494033	-0.175857	-0.017567	0.002160	0.034996	0.246550	0.237168	0.558313
2021-07-29 06:19:14.000000 	207.000000	56.950586	-154.183044	126.851214	-0.039196	-0.011685	0.025767	0.318389	0.257962	0.471075	-0.162229	-0.019788	-0.006551	0.043615	0.235096	0.226148	0.532367
2021-07-29 06:19:15.000000 	208.000000	56.950586	-154.183044	126.851214	-0.042151	-0.015075	0.028692	0.287742	0.233140	0.425737	-0.142056	-0.021660	-0.004786	0.048323	0.212472	0.204384	0.481128
2021-07-29 06:19:16.000000 	209.000000	56.950586	-154.183044	126.851214	-0.027016	-0.017150	0.012658	0.293962	0.238190	0.434946	-0.156087	-0.019742	0.003673	0.027946	0.217071	0.208807	0.491534
2021-07-29 06:19:17.000000 	210.000000	56.950586	-154.183044	126.851214	-0.029472	-0.014274	0.008652	0.327901	0.265700	0.485168	-0.176933	-0.022730	0.000014	0.025111	0.242139	0.232919	0.548289
2021-07-29 06:19:18.000000 	211.000000	56.950586	-154.183044	126.851214	-0.017735	-0.013817	0.010283	0.365195	0.295931	0.540355	-0.201232	-0.012817	0.004715	0.020608	0.269686	0.259415	0.610654
2021-07-29 06:19:19.000000 	212.000000	56.950586	-154.183044	126.851214	-0.041202	-0.012999	0.033904	0.277706	0.225045	0.410909	-0.134690	-0.017344	-0.006242	0.051733	0.205084	0.197272	0.464367
2021-07-29 06:19:20.000000 	213.000000	56.950586	-154.183044	126.851214	-0.037595	-0.016740	0.007330	0.288720	0.233980	0.427212	-0.151973	-0.030480	-0.001304	0.028576	0.213223	0.205101	0.482789
2021-07-29 06:19:21.000000 	214.000000	56.950586	-154.183044	126.851214	-0.047515	-0.005016	0.045868	0.330662	0.267980	0.489278	-0.159580	-0.012668	-0.016177	0.062964	0.244204	0.234900	0.552929
2021-07-29 06:19:22.000000 	215.000000	56.950586	-154.183044	126.851214	-0.026886	-0.003374	0.014840	0.378369	0.306655	0.559876	-0.205622	-0.013425	-0.008672	0.026439	0.279445	0.268796	0.632710
2021-07-29 06:19:23.000000 	216.000000	56.950586	-154.183044	126.851214	-0.026973	-0.027320	0.022755	0.248322	0.201265	0.367449	-0.124418	-0.017915	0.012846	0.038804	0.183403	0.176414	0.415249
2021-07-29 06:19:24.000000 	217.000000	56.950586	-154.183044	126.851214	-0.031153	0.002759	0.018808	0.278150	0.225449	0.411592	-0.145213	-0.012242	-0.016050	0.030404	0.205439	0.197609	0.465133
2021-07-29 06:19:25.000000 	218.000000	56.950586	-154.183044	126.851214	-0.032942	-0.026810	0.011756	0.381422	0.309166	0.564415	-0.204419	-0.028232	0.009788	0.032393	0.281722	0.270982	0.637833
2021-07-29 06:19:26.000000 	219.000000	56.950586	-154.183044	126.851214	-0.041180	-0.015649	0.034052	0.285115	0.231113	0.421909	-0.138714	-0.018214	-0.003847	0.052476	0.210595	0.202565	0.476789
2021-07-29 06:19:27.000000 	220.000000	56.950586	-154.183044	126.851214	-0.037212	-0.016659	0.017565	0.315062	0.255398	0.466230	-0.163593	-0.024580	-0.001209	0.036948	0.232721	0.223846	0.526874
2021-07-29 06:19:28.000000 	221.000000	56.950586	-154.183044	126.851214	-0.032656	-0.003085	0.011552	0.291177	0.236046	0.430890	-0.154695	-0.019466	-0.011445	0.026447	0.215084	0.206881	0.486937
2021-07-29 06:19:29.000000 	222.000000	56.950586	-154.183044	126.851214	-0.033352	-0.020388	0.024185	0.409275	0.331796	0.605662	-0.216435	-0.019418	0.003828	0.041488	0.302328	0.290796	0.684439
2021-07-29 06:19:30.000000 	223.000000	56.950586	-154.183044	126.851214	-0.029424	-0.014225	0.018291	0.255321	0.206995	0.377839	-0.131161	-0.017418	-0.000009	0.033155	0.188609	0.181413	0.426983
2021-07-29 06:19:31.000000 	224.000000	56.950586	-154.183044	126.851214	-0.043970	-0.010002	0.035810	0.278583	0.225863	0.412269	-0.133939	-0.017299	-0.010145	0.053978	0.205798	0.197946	0.465889
2021-07-29 06:19:32.000000 	225.000000	56.950586	-154.183044	126.851214	-0.025489	-0.013944	0.026508	0.341967	0.277263	0.506075	-0.179354	-0.009866	0.001452	0.038044	0.252629	0.242988	0.571895
2021-07-29 06:19:33.000000 	226.000000	56.950586	-154.183044	126.851214	-0.037666	-0.022544	0.024448	0.368989	0.299185	0.546072	-0.191521	-0.023317	0.003890	0.044338	0.272599	0.262194	0.617093
2021-07-29 06:19:34.000000 	227.000000	56.950586	-154.183044	126.851214	-0.037709	-0.016268	0.021468	0.253675	0.205694	0.375422	-0.126294	-0.022684	-0.001778	0.040371	0.187413	0.180259	0.424247
2021-07-29 06:19:35.000000 	228.000000	56.950586	-154.183044	126.851214	-0.044218	-0.010770	0.025370	0.344978	0.279738	0.510550	-0.176520	-0.023459	-0.009561	0.045531	0.254874	0.245143	0.576948
2021-07-29 06:19:36.000000 	229.000000	56.950586	-154.183044	126.851214	-0.027839	-0.013508	0.021053	0.267046	0.216553	0.395220	-0.137455	-0.014455	0.000036	0.034521	0.197303	0.189769	0.446618
2021-07-29 06:19:37.000000 	230.000000	56.950586	-154.183044	126.851214	-0.036438	-0.002845	0.014383	0.431369	0.349820	0.638421	-0.233944	-0.020688	-0.013308	0.030620	0.318719	0.306547	0.721444
2021-07-29 06:19:38.000000 	231.000000	56.950586	-154.183044	126.851214	-0.027007	-0.010181	0.002720	0.224158	0.181788	0.331754	-0.120129	-0.022611	-0.002597	0.017957	0.165624	0.159298	0.374897
2021-07-29 06:19:39.000000 	232.000000	56.950586	-154.183044	126.851214	-0.042698	-0.011311	0.044611	0.277587	0.225128	0.410835	-0.130159	-0.012017	-0.008412	0.061041	0.205108	0.197272	0.464260
2021-07-29 06:19:40.000000 	233.000000	56.950586	-154.183044	126.851214	-0.036868	-0.016563	0.014631	0.341827	0.277238	0.505917	-0.180441	-0.025885	-0.001146	0.034297	0.252581	0.242930	0.571705
2021-07-29 06:19:41.000000 	234.000000	56.950586	-154.183044	126.851214	-0.039661	-0.025255	0.030669	0.314653	0.255210	0.465705	-0.156667	-0.022419	0.005462	0.051175	0.232509	0.223623	0.526262
2021-07-29 06:19:42.000000 	235.000000	56.950586	-154.183044	126.851214	-0.025522	-0.007953	0.015383	0.316844	0.256997	0.468953	-0.169803	-0.013771	-0.003956	0.027312	0.234134	0.225185	0.529932
2021-07-29 06:19:43.000000 	236.000000	56.950586	-154.183044	126.851214	-0.042958	-0.021332	0.033675	0.305762	0.248018	0.452557	-0.149817	-0.021836	0.000494	0.054382	0.225951	0.217314	0.511401
2021-07-29 06:19:44.000000 	237.000000	56.950586	-154.183044	126.851214	-0.028762	-0.015674	0.000689	0.289578	0.234900	0.428608	-0.157841	-0.027047	0.001584	0.018420	0.213998	0.205816	0.484337
2021-07-29 06:19:45.000000 	238.000000	56.950586	-154.183044	126.851214	-0.036445	-0.013846	0.027179	0.334627	0.271454	0.495292	-0.171842	-0.017731	-0.003408	0.043962	0.247296	0.237840	0.559691
2021-07-29 06:19:46.000000 	239.000000	56.950586	-154.183044	126.851214	-0.025702	-0.004941	0.004479	0.287737	0.233425	0.425893	-0.157368	-0.018754	-0.006745	0.017545	0.212649	0.204517	0.481267
2021-07-29 06:19:47.000000 	240.000000	56.950586	-154.183044	126.851214	-0.038794	-0.024457	0.031107	0.353010	0.286389	0.522513	-0.179178	-0.021235	0.005121	0.050928	0.260896	0.250917	0.590448
2021-07-29 06:19:48.000000 	241.000000	56.950586	-154.183044	126.851214	-0.030373	-0.013052	0.016094	0.290520	0.235702	0.430023	-0.152378	-0.018905	-0.001478	0.031501	0.214718	0.206504	0.485931
2021-07-29 06:19:49.000000 	242.000000	56.950586	-154.183044	126.851214	-0.039236	-0.006573	0.037203	0.382003	0.309936	0.565441	-0.195294	-0.011715	-0.011170	0.052007	0.282339	0.271537	0.638955
2021-07-29 06:19:50.000000 	243.000000	56.950586	-154.183044	126.851214	-0.057637	-0.013269	0.059220	0.261109	0.211857	0.386498	-0.109939	-0.016036	-0.013156	0.081085	0.192991	0.185606	0.436745
2021-07-29 06:19:51.000000 	244.000000	56.950586	-154.183044	126.851214	-0.022527	-0.010409	0.016156	0.314981	0.255578	0.466246	-0.169052	-0.011986	-0.000440	0.027073	0.232816	0.223906	0.526860
2021-07-29 06:19:52.000000 	245.000000	56.950586	-154.183044	126.851214	-0.036765	-0.020845	0.023705	0.273292	0.221761	0.404542	-0.136699	-0.022422	0.002754	0.042870	0.202008	0.194276	0.457133
2021-07-29 06:19:53.000000 	246.000000	56.950586	-154.183044	126.851214	-0.022707	-0.000304	-0.018809	0.349011	0.283213	0.516630	-0.203031	-0.027502	-0.009616	-0.004546	0.257984	0.248107	0.583791
2021-07-29 06:19:54.000000 	247.000000	56.950586	-154.183044	126.851214	-0.035358	-0.029788	0.032128	0.306606	0.248813	0.453866	-0.152139	-0.020031	0.011417	0.051363	0.226645	0.217967	0.512866
2021-07-29 06:19:55.000000 	248.000000	56.950586	-154.183044	126.851214	-0.037685	-0.009034	0.016953	0.336330	0.272945	0.497871	-0.176946	-0.022487	-0.008279	0.034856	0.248624	0.239103	0.562590
2021-07-29 06:19:56.000000 	249.000000	56.950586	-154.183044	126.851214	-0.033077	-0.015970	0.024469	0.266525	0.216305	0.394543	-0.134120	-0.017443	-0.000029	0.040541	0.197028	0.189482	0.445830
2021-07-29 06:19:57.000000 	250.000000	56.950586	-154.183044	126.851214	-0.035307	-0.010814	0.017734	0.418941	0.340015	0.620175	-0.225151	-0.020916	-0.005642	0.034766	0.309711	0.297846	0.700790
2021-07-29 06:19:58.000000 	251.000000	56.950586	-154.183044	126.851214	-0.028916	-0.012191	0.021051	0.234378	0.190231	0.346964	-0.118379	-0.014788	-0.001618	0.034735	0.173274	0.166635	0.392064
2021-07-29 06:19:59.000000 	252.000000	56.950586	-154.183044	126.851214	-0.042973	-0.017678	0.022722	0.273297	0.221828	0.404582	-0.135575	-0.026486	-0.002801	0.044341	0.202052	0.194310	0.457170
2021-07-29 06:20:00.000000 	253.000000	56.950586	-154.183044	126.851214	-0.035729	-0.015169	0.034517	0.390112	0.316656	0.577518	-0.201316	-0.013672	-0.001905	0.050075	0.288423	0.277369	0.652582
2021-07-29 06:20:01.000000 	254.000000	56.950586	-154.183044	126.851214	-0.041261	-0.022607	0.032832	0.275658	0.223762	0.408086	-0.133038	-0.021480	0.002382	0.053146	0.203809	0.195997	0.461127
2021-07-29 06:20:02.000000 	255.000000	56.950586	-154.183044	126.851214	-0.033929	-0.010956	0.019861	0.335403	0.272271	0.496540	-0.176237	-0.018769	-0.004913	0.035907	0.247989	0.238482	0.561076
2021-07-29 06:20:03.000000 	256.000000	56.950586	-154.183044	126.851214	-0.028037	-0.020101	0.020064	0.326770	0.265273	0.483764	-0.171849	-0.017551	0.005884	0.035356	0.241613	0.232349	0.546638
2021-07-29 06:20:04.000000 	257.000000	56.950586	-154.183044	126.851214	-0.029137	-0.012225	0.009957	0.272861	0.221519	0.403960	-0.144978	-0.021018	-0.001685	0.025554	0.201759	0.194022	0.456461
2021-07-29 06:20:05.000000 	258.000000	56.950586	-154.183044	126.851214	-0.034623	-0.018656	0.043703	0.337372	0.273902	0.499472	-0.166994	-0.009101	0.001716	0.058061	0.249467	0.239899	0.564385
2021-07-29 06:20:06.000000 	259.000000	56.950586	-154.183044	126.851214	-0.043566	-0.009788	0.018909	0.314431	0.255288	0.465514	-0.161653	-0.026133	-0.010162	0.039562	0.232510	0.223591	0.526011
2021-07-29 06:20:07.000000 	260.000000	56.950586	-154.183044	126.851214	-0.033362	-0.003473	0.000255	0.385876	0.313307	0.571295	-0.213954	-0.026302	-0.011403	0.017417	0.285349	0.274402	0.645538
2021-07-29 06:20:08.000000 	261.000000	56.950586	-154.183044	126.851214	-0.038640	-0.007369	0.026227	0.225132	0.182800	0.333314	-0.108519	-0.017542	-0.010194	0.042703	0.166486	0.160098	0.376629
2021-07-29 06:20:09.000000 	262.000000	56.950586	-154.183044	126.851214	-0.047460	-0.000970	0.021395	0.316632	0.257106	0.468789	-0.161528	-0.024497	-0.019796	0.041463	0.234158	0.225172	0.529708
2021-07-29 06:20:10.000000 	263.000000	56.950586	-154.183044	126.851214	-0.030542	-0.015890	0.041103	0.318601	0.258715	0.471708	-0.158561	-0.006430	0.001003	0.053221	0.235621	0.226577	0.533005
2021-07-29 06:20:11.000000 	264.000000	56.950586	-154.183044	126.851214	-0.026335	-0.013397	0.010696	0.279405	0.226896	0.413681	-0.149222	-0.018928	0.000590	0.025076	0.206640	0.198707	0.467436
2021-07-29 06:20:12.000000 	265.000000	56.950586	-154.183044	126.851214	-0.041131	-0.025639	0.040752	0.386693	0.314034	0.572536	-0.194311	-0.018169	0.005168	0.060440	0.285995	0.275014	0.646932
2021-07-29 06:20:13.000000 	266.000000	56.950586	-154.183044	126.851214	-0.029478	-0.009571	0.008704	0.259217	0.210519	0.383799	-0.137724	-0.020989	-0.004222	0.024041	0.191720	0.184358	0.433669
2021-07-29 06:20:14.000000 	267.000000	56.950586	-154.183044	126.851214	-0.037375	-0.027484	0.021489	0.381645	0.309960	0.565075	-0.199748	-0.026514	0.008464	0.042888	0.282278	0.271437	0.638498
2021-07-29 06:20:15.000000 	268.000000	56.950586	-154.183044	126.851214	-0.025693	-0.020113	0.007413	0.258026	0.209569	0.382045	-0.137452	-0.022686	0.006916	0.023604	0.190851	0.183520	0.431685
2021-07-29 06:20:16.000000 	269.000000	56.950586	-154.183044	126.851214	-0.036485	-0.020216	0.032187	0.299685	0.243415	0.443733	-0.149025	-0.017356	0.002309	0.049692	0.221671	0.213154	0.501386
2021-07-29 06:20:17.000000 	270.000000	56.950586	-154.183044	126.851214	-0.035415	-0.011425	0.019104	0.359925	0.292356	0.532933	-0.190378	-0.020474	-0.005138	0.036113	0.266237	0.256006	0.602174
2021-07-29 06:20:18.000000 	271.000000	56.950586	-154.183044	126.851214	-0.041649	-0.020582	0.055124	0.306320	0.248824	0.453566	-0.142213	-0.008876	0.000390	0.071540	0.226592	0.217884	0.512495
2021-07-29 06:20:19.000000 	272.000000	56.950586	-154.183044	126.851214	-0.035930	-0.006002	0.010052	0.309185	0.251162	0.457814	-0.164711	-0.023819	-0.010245	0.027490	0.228718	0.219927	0.517293
2021-07-29 06:20:20.000000 	273.000000	56.950586	-154.183044	126.851214	-0.042173	-0.009759	0.024006	0.320143	0.260074	0.474045	-0.163523	-0.022292	-0.009581	0.043143	0.236831	0.227727	0.535631
2021-07-29 06:20:21.000000 	274.000000	56.950586	-154.183044	126.851214	-0.044842	-0.007015	0.042744	0.308179	0.250365	0.456334	-0.148649	-0.013085	-0.013214	0.059509	0.227987	0.219221	0.515618
2021-07-29 06:20:22.000000 	275.000000	56.950586	-154.183044	126.851214	-0.025007	-0.006911	0.004225	0.329417	0.267630	0.487788	-0.181841	-0.019087	-0.004669	0.017459	0.243706	0.234335	0.551156
2021-07-29 06:20:23.000000 	276.000000	56.950586	-154.183044	126.851214	-0.041604	-0.009896	0.013392	0.295432	0.240029	0.437469	-0.153342	-0.027701	-0.009210	0.034000	0.218570	0.210164	0.494299
2021-07-29 06:20:24.000000 	277.000000	56.950586	-154.183044	126.851214	-0.029479	-0.021105	0.026200	0.332010	0.269759	0.491639	-0.172083	-0.015659	0.006160	0.041446	0.245639	0.236191	0.555504
2021-07-29 06:20:25.000000 	278.000000	56.950586	-154.183044	126.851214	-0.029085	-0.015354	0.009182	0.297166	0.241458	0.440047	-0.159174	-0.022543	0.001155	0.025622	0.219867	0.211408	0.497209
2021-07-29 06:20:26.000000 	279.000000	56.950586	-154.183044	126.851214	-0.048525	-0.018862	0.053693	0.320174	0.260164	0.474123	-0.149118	-0.014217	-0.004153	0.073308	0.236897	0.227781	0.535710
2021-07-29 06:20:27.000000 	280.000000	56.950586	-154.183044	126.851214	-0.040874	-0.008733	0.037292	0.307533	0.249903	0.455409	-0.151499	-0.013692	-0.009939	0.053398	0.227551	0.218793	0.514564
2021-07-29 06:20:28.000000 	281.000000	56.950586	-154.183044	126.851214	-0.035000	-0.016095	0.024668	0.337032	0.273884	0.499097	-0.174619	-0.018831	-0.000754	0.041681	0.249385	0.239786	0.563925
2021-07-29 06:20:29.000000 	282.000000	56.950586	-154.183044	126.851214	-0.032985	-0.018935	0.009276	0.283299	0.230229	0.419531	-0.149523	-0.026742	0.002680	0.028465	0.209632	0.201562	0.474023
2021-07-29 06:20:30.000000 	283.000000	56.950586	-154.183044	126.851214	-0.023315	-0.018053	0.008317	0.300838	0.244492	0.445509	-0.163004	-0.019646	0.006098	0.022705	0.222617	0.214045	0.503373
2021-07-29 06:20:31.000000 	284.000000	56.950586	-154.183044	126.851214	-0.040628	-0.022135	0.023611	0.312902	0.254307	0.463379	-0.158690	-0.025859	0.002232	0.044994	0.231551	0.222634	0.523563
2021-07-29 06:20:32.000000 	285.000000	56.950586	-154.183044	126.851214	-0.034815	-0.007084	0.015624	0.315097	0.256102	0.466635	-0.166322	-0.020335	-0.008785	0.031871	0.233182	0.224201	0.527240
2021-07-29 06:20:33.000000 	286.000000	56.950586	-154.183044	126.851214	-0.030225	-0.008088	0.031868	0.359935	0.292557	0.533042	-0.187238	-0.008379	-0.005883	0.043471	0.266372	0.256111	0.602271
2021-07-29 06:20:34.000000 	287.000000	56.950586	-154.183044	126.851214	-0.057227	-0.023918	0.033251	0.277990	0.225961	0.411691	-0.129231	-0.033777	-0.003391	0.061646	0.205734	0.197808	0.465157
2021-07-29 06:20:35.000000 	288.000000	56.950586	-154.183044	126.851214	-0.026456	-0.006454	0.011526	0.385170	0.313094	0.570426	-0.211098	-0.016032	-0.005711	0.024182	0.285064	0.274080	0.644505
2021-07-29 06:20:36.000000 	289.000000	56.950586	-154.183044	126.851214	-0.031732	-0.017354	0.022771	0.289324	0.235193	0.428486	-0.148452	-0.017859	0.001803	0.038786	0.214136	0.205883	0.484131
2021-07-29 06:20:37.000000 	290.000000	56.950586	-154.183044	126.851214	-0.040393	-0.006612	0.036272	0.258428	0.210087	0.382733	-0.123649	-0.013111	-0.011639	0.051803	0.191275	0.183902	0.432435
2021-07-29 06:20:38.000000 	291.000000	56.950586	-154.183044	126.851214	-0.047096	-0.015021	0.039861	0.338482	0.275177	0.501299	-0.166151	-0.019280	-0.006988	0.060100	0.250534	0.240876	0.566396
2021-07-29 06:20:39.000000 	292.000000	56.950586	-154.183044	126.851214	-0.029957	-0.012955	0.039054	0.317407	0.258054	0.470091	-0.159294	-0.006034	-0.001384	0.050518	0.234942	0.225883	0.531135
2021-07-29 06:20:40.000000 	293.000000	56.950586	-154.183044	126.851214	-0.038741	-0.017643	0.015481	0.287257	0.233552	0.425442	-0.147949	-0.027229	-0.000990	0.036186	0.212632	0.204432	0.480686
2021-07-29 06:20:41.000000 	294.000000	56.950586	-154.183044	126.851214	-0.035070	-0.014212	0.021154	0.354439	0.288185	0.524948	-0.186349	-0.020113	-0.002479	0.038324	0.262369	0.252250	0.593111
2021-07-29 06:20:42.000000 	295.000000	56.950586	-154.183044	126.851214	-0.039549	-0.021246	0.016080	0.305055	0.248042	0.451811	-0.157459	-0.028827	0.001902	0.037939	0.225819	0.217108	0.510476
2021-07-29 06:20:43.000000 	296.000000	56.950586	-154.183044	126.851214	-0.022255	-0.015677	0.008925	0.344874	0.280432	0.510792	-0.188984	-0.017647	0.004420	0.022130	0.255304	0.245454	0.577114
2021-07-29 06:20:44.000000 	297.000000	56.950586	-154.183044	126.851214	-0.035530	-0.005824	0.001672	0.276627	0.224947	0.409716	-0.149126	-0.028023	-0.010231	0.020227	0.204788	0.196886	0.462913
2021-07-29 06:20:45.000000 	298.000000	56.950586	-154.183044	126.851214	-0.035438	-0.012719	0.028934	0.286674	0.233126	0.424600	-0.143957	-0.015603	-0.003983	0.044671	0.212232	0.204042	0.479728
2021-07-29 06:20:46.000000 	299.000000	56.950586	-154.183044	126.851214	-0.034606	-0.006602	0.037626	0.324050	0.263531	0.479964	-0.163062	-0.008002	-0.009128	0.050095	0.239910	0.230650	0.542278
2021-07-29 06:20:47.000000 	300.000000	56.950586	-154.183044	126.851214	-0.031636	-0.009462	0.023034	0.357699	0.290908	0.529808	-0.188990	-0.014763	-0.005260	0.037085	0.264830	0.254607	0.598593
2021-07-29 06:20:48.000000 	301.000000	56.950586	-154.183044	126.851214	-0.052445	-0.015352	0.064254	0.297366	0.241851	0.440452	-0.130804	-0.010134	-0.009020	0.083251	0.220169	0.211668	0.497633
2021-07-29 06:20:49.000000 	302.000000	56.950586	-154.183044	126.851214	-0.024557	-0.011462	0.012840	0.271856	0.221113	0.402670	-0.144887	-0.015711	-0.000376	0.025541	0.201287	0.193514	0.454945
2021-07-29 06:20:50.000000 	303.000000	56.950586	-154.183044	126.851214	-0.043298	-0.022827	0.022398	0.318180	0.258801	0.471290	-0.161446	-0.028788	0.001692	0.045452	0.235594	0.226494	0.532472
2021-07-29 06:20:51.000000 	304.000000	56.950586	-154.183044	126.851214	-0.032267	-0.016305	0.010457	0.351226	0.285691	0.520242	-0.189237	-0.024596	0.000625	0.028478	0.260070	0.250024	0.587778
2021-07-29 06:20:52.000000 	305.000000	56.950586	-154.183044	126.851214	-0.035245	-0.024579	0.016333	0.281987	0.229382	0.417690	-0.144837	-0.026659	0.006777	0.036830	0.208808	0.200741	0.471911
2021-07-29 06:20:53.000000 	306.000000	56.950586	-154.183044	126.851214	-0.040222	-0.001234	0.015721	0.281568	0.229050	0.417073	-0.145688	-0.022226	-0.016405	0.033217	0.208504	0.200447	0.471212
2021-07-29 06:20:54.000000 	307.000000	56.950586	-154.183044	126.851214	-0.029324	-0.015385	0.023791	0.340712	0.277174	0.504685	-0.178918	-0.014768	0.001079	0.037991	0.252309	0.242558	0.570196
2021-07-29 06:20:55.000000 	308.000000	56.950586	-154.183044	126.851214	-0.041864	-0.009462	0.040509	0.333110	0.271002	0.493430	-0.164906	-0.012950	-0.009714	0.056754	0.246687	0.237152	0.557478
2021-07-29 06:20:56.000000 	309.000000	56.950586	-154.183044	126.851214	-0.034996	-0.007616	0.037486	0.286077	0.232747	0.423764	-0.140870	-0.008743	-0.008385	0.050410	0.211863	0.203672	0.478768
2021-07-29 06:20:57.000000 	310.000000	56.950586	-154.183044	126.851214	-0.029537	-0.015096	0.029355	0.349882	0.284670	0.518285	-0.182042	-0.011789	0.000726	0.042691	0.259124	0.249105	0.585555
2021-07-29 06:20:58.000000 	311.000000	56.950586	-154.183044	126.851214	-0.033406	-0.009758	0.023237	0.265545	0.216061	0.393359	-0.134822	-0.016095	-0.005764	0.038194	0.196670	0.189064	0.444413
2021-07-29 06:20:59.000000 	312.000000	56.950586	-154.183044	126.851214	-0.044469	-0.022397	0.021781	0.292619	0.238100	0.433469	-0.146488	-0.029850	0.000795	0.045407	0.216729	0.208346	0.489728
2021-07-29 06:21:00.000000 	313.000000	56.950586	-154.183044	126.851214	-0.020264	-0.012691	0.009774	0.358715	0.291894	0.531385	-0.197655	-0.014592	0.002599	0.021155	0.265691	0.255413	0.600351
2021-07-29 06:21:01.000000 	314.000000	56.950586	-154.183044	126.851214	-0.042648	-0.021070	0.014747	0.329257	0.267934	0.487752	-0.171261	-0.031828	0.000393	0.038302	0.243880	0.234444	0.551053
2021-07-29 06:21:02.000000 	315.000000	56.950586	-154.183044	126.851214	-0.036605	-0.011439	0.034302	0.316007	0.257163	0.468128	-0.158787	-0.013089	-0.005644	0.049439	0.234073	0.225015	0.528881
2021-07-29 06:21:03.000000 	316.000000	56.950586	-154.183044	126.851214	-0.043029	-0.008384	0.033205	0.323037	0.262895	0.478548	-0.161718	-0.017419	-0.011192	0.050948	0.239288	0.230027	0.540651
2021-07-29 06:21:04.000000 	317.000000	56.950586	-154.183044	126.851214	-0.034027	-0.018062	0.016032	0.307078	0.249917	0.454910	-0.160774	-0.023525	0.001440	0.034432	0.227474	0.218668	0.513944
2021-07-29 06:21:05.000000 	318.000000	56.950586	-154.183044	126.851214	-0.035916	-0.007033	0.039290	0.309747	0.252100	0.458868	-0.153761	-0.008240	-0.009310	0.052236	0.229458	0.220574	0.518414
2021-07-29 06:21:06.000000 	319.000000	56.950586	-154.183044	126.851214	-0.042770	-0.020750	0.037913	0.301947	0.245762	0.447317	-0.146450	-0.019170	0.000053	0.057705	0.223687	0.215025	0.505363
2021-07-29 06:21:07.000000 	320.000000	56.950586	-154.183044	126.851214	-0.031884	-0.002055	0.013447	0.331010	0.269429	0.490378	-0.177904	-0.017475	-0.012035	0.027412	0.245225	0.235728	0.554009
2021-07-29 06:21:08.000000 	321.000000	56.950586	-154.183044	126.851214	-0.036163	-0.012301	0.023858	0.322874	0.262817	0.478329	-0.166958	-0.018766	-0.004675	0.040673	0.239205	0.229940	0.540396
2021-07-29 06:21:09.000000 	322.000000	56.950586	-154.183044	126.851214	-0.035389	-0.020461	0.019578	0.314326	0.255870	0.465670	-0.162995	-0.023495	0.003007	0.038643	0.232880	0.223858	0.526093
2021-07-29 06:21:10.000000 	323.000000	56.950586	-154.183044	126.851214	-0.024235	-0.010187	0.014444	0.320706	0.261075	0.475127	-0.172980	-0.014128	-0.001384	0.026424	0.237614	0.228408	0.536775
2021-07-29 06:21:11.000000 	324.000000	56.950586	-154.183044	126.851214	-0.041298	-0.022078	0.024540	0.256307	0.208659	0.379723	-0.125274	-0.025837	0.001889	0.046088	0.189906	0.182547	0.428991
2021-07-29 06:21:12.000000 	325.000000	56.950586	-154.183044	126.851214	-0.037803	-0.008747	0.026736	0.346313	0.281945	0.513074	-0.179364	-0.017136	-0.008589	0.043046	0.256604	0.246658	0.579643
2021-07-29 06:21:13.000000 	326.000000	56.950586	-154.183044	126.851214	-0.029401	-0.010445	0.012984	0.318524	0.259332	0.471909	-0.170803	-0.018916	-0.003401	0.027797	0.236021	0.226872	0.533134
2021-07-29 06:21:14.000000 	327.000000	56.950586	-154.183044	126.851214	-0.032234	-0.017151	0.034337	0.325454	0.264985	0.482180	-0.164997	-0.011857	0.001401	0.048679	0.241163	0.231813	0.544736
2021-07-29 06:21:15.000000 	328.000000	56.950586	-154.183044	126.851214	-0.039542	-0.009698	0.033478	0.298224	0.242825	0.441842	-0.148126	-0.015119	-0.008490	0.049777	0.220993	0.212424	0.499163
2021-07-29 06:21:16.000000 	329.000000	56.950586	-154.183044	126.851214	-0.039085	-0.013242	0.039068	0.324253	0.264029	0.480409	-0.160889	-0.013019	-0.005101	0.055080	0.240288	0.230969	0.542732
2021-07-29 06:21:17.000000 	330.000000	56.950586	-154.183044	126.851214	-0.044901	-0.019049	0.039203	0.308649	0.251334	0.457296	-0.149466	-0.019453	-0.002407	0.059427	0.228733	0.219861	0.516619
2021-07-29 06:21:18.000000 	331.000000	56.950586	-154.183044	126.851214	-0.035279	-0.018255	0.020610	0.307175	0.250144	0.455116	-0.158759	-0.022043	0.001069	0.038931	0.227648	0.218816	0.514154
2021-07-29 06:21:19.000000 	332.000000	56.950586	-154.183044	126.851214	-0.035446	-0.010784	0.022965	0.272204	0.221676	0.403306	-0.138197	-0.018158	-0.005729	0.039212	0.201737	0.193910	0.455623
