2021-07-29 06:12:43.000000 	-184.000000	58.928776	-153.644676	643.661973	-0.032495	-0.018221	0.003125	0.374669	0.297354	0.659706	-0.187231	-0.030255	0.001902	0.021879	0.300821	0.284365	0.701892
2021-07-29 06:12:44.000000 	-183.000000	58.928776	-153.644676	643.661973	-0.016025	-0.027575	-0.014490	0.419035	0.332550	0.737914	-0.222854	-0.030263	0.017594	0.001318	0.336444	0.318029	0.785085
2021-07-29 06:12:45.000000 	-182.000000	58.928776	-153.644676	643.661973	-0.032442	-0.013853	0.002017	0.293870	0.233207	0.517563	-0.144958	-0.029125	-0.001989	0.019905	0.235950	0.223029	0.550638
2021-07-29 06:12:46.000000 	-181.000000	58.928776	-153.644676	643.661973	-0.028209	-0.014162	0.009436	0.374688	0.297328	0.659981	-0.185732	-0.022166	0.000167	0.024373	0.300841	0.284358	0.702143
2021-07-29 06:12:47.000000 	-180.000000	58.928776	-153.644676	643.661973	-0.017863	-0.019513	-0.006668	0.322807	0.256147	0.568666	-0.168202	-0.024571	0.009555	0.007020	0.259186	0.244978	0.604983
2021-07-29 06:12:48.000000 	-179.000000	58.928776	-153.644676	643.661973	-0.030731	-0.021176	-0.010282	0.401121	0.318275	0.706713	-0.207569	-0.036945	0.005332	0.010257	0.322068	0.304403	0.751832
2021-07-29 06:12:49.000000 	-178.000000	58.928776	-153.644676	643.661973	-0.025718	-0.017286	-0.000966	0.306667	0.243318	0.540365	-0.154937	-0.026810	0.004072	0.015027	0.246230	0.232718	0.574853
2021-07-29 06:12:50.000000 	-177.000000	58.928776	-153.644676	643.661973	-0.019799	-0.009026	-0.019559	0.342561	0.271785	0.603687	-0.184140	-0.028722	-0.000701	-0.005528	0.275052	0.259950	0.642204
2021-07-29 06:12:51.000000 	-176.000000	58.928776	-153.644676	643.661973	-0.025231	-0.025146	0.000407	0.387393	0.307340	0.682776	-0.196906	-0.028716	0.011331	0.017778	0.311050	0.293963	0.726325
2021-07-29 06:12:52.000000 	-175.000000	58.928776	-153.644676	643.661973	-0.027601	-0.020824	0.002939	0.344834	0.273563	0.607841	-0.172721	-0.027585	0.006406	0.020053	0.276880	0.261662	0.646598
2021-07-29 06:12:53.000000 	-174.000000	58.928776	-153.644676	643.661973	-0.024667	-0.015978	-0.011359	0.306764	0.243351	0.540801	-0.159900	-0.030870	0.003367	0.005339	0.246314	0.232769	0.575272
2021-07-29 06:12:54.000000 	-173.000000	58.928776	-153.644676	643.661973	-0.030267	-0.014199	0.000444	0.356107	0.282480	0.627865	-0.179241	-0.028400	-0.000713	0.017631	0.285935	0.270202	0.667873
2021-07-29 06:12:55.000000 	-172.000000	58.928776	-153.644676	643.661973	-0.024315	-0.023839	-0.010051	0.387487	0.307359	0.683276	-0.201905	-0.032913	0.010567	0.008098	0.311133	0.294005	0.726800
2021-07-29 06:12:56.000000 	-171.000000	58.928776	-153.644676	643.661973	-0.025552	-0.019724	0.013893	0.261198	0.207176	0.460641	-0.124042	-0.019940	0.006331	0.028236	0.209731	0.198179	0.489974
2021-07-29 06:12:57.000000 	-170.000000	58.928776	-153.644676	643.661973	-0.014218	-0.013468	-0.023851	0.393475	0.312080	0.694004	-0.214392	-0.028343	0.005756	-0.010768	0.315945	0.298534	0.738183
2021-07-29 06:12:58.000000 	-169.000000	58.928776	-153.644676	643.661973	-0.045330	-0.022419	0.002591	0.389978	0.309292	0.687920	-0.191422	-0.041978	-0.000035	0.028319	0.313139	0.295873	0.731698
2021-07-29 06:12:59.000000 	-168.000000	58.928776	-153.644676	643.661973	-0.015284	-0.013314	0.008431	0.316535	0.251033	0.558435	-0.158873	-0.012441	0.005145	0.017340	0.254168	0.240147	0.593961
2021-07-29 06:13:00.000000 	-167.000000	58.928776	-153.644676	643.661973	-0.026778	-0.017588	-0.014580	0.413906	0.328240	0.730307	-0.217376	-0.034764	0.003872	0.003925	0.332356	0.314012	0.776752
2021-07-29 06:13:01.000000 	-166.000000	58.928776	-153.644676	643.661973	-0.025085	-0.016175	-0.005847	0.278416	0.220782	0.491305	-0.142233	-0.028421	0.003358	0.010298	0.223563	0.211217	0.522541
2021-07-29 06:13:02.000000 	-165.000000	58.928776	-153.644676	643.661973	-0.034684	-0.027033	0.022781	0.360563	0.285911	0.636342	-0.169706	-0.025142	0.008826	0.041746	0.289526	0.273529	0.676785
2021-07-29 06:13:03.000000 	-164.000000	58.928776	-153.644676	643.661973	-0.018151	-0.021026	-0.020311	0.345466	0.273927	0.609773	-0.185974	-0.032408	0.010783	-0.004186	0.277405	0.262070	0.648515
2021-07-29 06:13:04.000000 	-163.000000	58.928776	-153.644676	643.661973	-0.030971	-0.010211	0.008480	0.343732	0.272540	0.606787	-0.168892	-0.023276	-0.004600	0.023925	0.276015	0.260749	0.645326
2021-07-29 06:13:05.000000 	-162.000000	58.928776	-153.644676	643.661973	-0.016856	-0.021254	-0.029242	0.371054	0.294190	0.655098	-0.203803	-0.036111	0.011562	-0.012382	0.297956	0.281468	0.696693
2021-07-29 06:13:06.000000 	-161.000000	58.928776	-153.644676	643.661973	-0.043163	-0.029040	0.030851	0.365753	0.289974	0.645818	-0.166218	-0.028248	0.006860	0.053040	0.293702	0.277440	0.686810
2021-07-29 06:13:07.000000 	-160.000000	58.928776	-153.644676	643.661973	-0.001513	-0.006376	-0.021053	0.380867	0.301942	0.672586	-0.209969	-0.014451	0.005042	-0.015872	0.305840	0.288897	0.715263
2021-07-29 06:13:08.000000 	-159.000000	58.928776	-153.644676	643.661973	-0.037670	-0.025225	-0.002126	0.317777	0.251915	0.561243	-0.157236	-0.039600	0.005880	0.021379	0.255180	0.241036	0.596843
2021-07-29 06:13:09.000000 	-158.000000	58.928776	-153.644676	643.661973	-0.032122	-0.022735	0.012478	0.305929	0.242512	0.540383	-0.146259	-0.026858	0.006112	0.030752	0.245667	0.232043	0.574649
2021-07-29 06:13:10.000000 	-157.000000	58.928776	-153.644676	643.661973	-0.027675	-0.014748	-0.016847	0.369831	0.293153	0.653336	-0.194733	-0.035543	0.000929	0.001748	0.296983	0.280505	0.694751
2021-07-29 06:13:11.000000 	-156.000000	58.928776	-153.644676	643.661973	-0.021003	-0.010454	0.001882	0.339545	0.269135	0.599907	-0.172420	-0.019123	0.000044	0.013720	0.272665	0.257528	0.637924
2021-07-29 06:13:12.000000 	-155.000000	58.928776	-153.644676	643.661973	-0.020635	-0.031100	-0.010679	0.362595	0.287391	0.640709	-0.189487	-0.033175	0.018707	0.007521	0.291176	0.275003	0.681297
2021-07-29 06:13:13.000000 	-154.000000	58.928776	-153.644676	643.661973	-0.024314	-0.005318	-0.009963	0.360950	0.286075	0.637881	-0.188164	-0.025825	-0.006028	0.003930	0.289858	0.273749	0.678277
2021-07-29 06:13:14.000000 	-153.000000	58.928776	-153.644676	643.661973	-0.027086	-0.020454	0.002664	0.350466	0.277753	0.619429	-0.175768	-0.027191	0.006304	0.019494	0.281440	0.265792	0.658644
2021-07-29 06:13:15.000000 	-152.000000	58.928776	-153.644676	643.661973	-0.020249	-0.016448	-0.009657	0.353927	0.280484	0.625622	-0.185188	-0.026779	0.005749	0.004861	0.284222	0.268410	0.665216
2021-07-29 06:13:16.000000 	-151.000000	58.928776	-153.644676	643.661973	-0.038987	-0.016943	0.014202	0.357946	0.283655	0.632803	-0.171185	-0.029035	-0.002126	0.034077	0.287451	0.271451	0.672838
2021-07-29 06:13:17.000000 	-150.000000	58.928776	-153.644676	643.661973	-0.020633	-0.023275	-0.003041	0.346893	0.274884	0.613338	-0.178103	-0.026255	0.011696	0.012270	0.278577	0.263063	0.652130
2021-07-29 06:13:18.000000 	-149.000000	58.928776	-153.644676	643.661973	-0.024418	-0.017657	-0.000971	0.350307	0.277577	0.619449	-0.178138	-0.025956	0.004982	0.014506	0.281320	0.265645	0.658615
2021-07-29 06:13:19.000000 	-148.000000	58.928776	-153.644676	643.661973	-0.020832	-0.025256	-0.017038	0.377381	0.299017	0.667406	-0.200321	-0.034385	0.013383	0.000827	0.303065	0.286169	0.709590
2021-07-29 06:13:20.000000 	-147.000000	58.928776	-153.644676	643.661973	-0.025082	-0.004652	-0.009807	0.311062	0.246457	0.550186	-0.161407	-0.026080	-0.006966	0.004265	0.249807	0.235873	0.584949
2021-07-29 06:13:21.000000 	-146.000000	58.928776	-153.644676	643.661973	-0.035605	-0.033611	0.018138	0.362014	0.286815	0.640386	-0.171770	-0.030746	0.014311	0.039703	0.290728	0.274503	0.680835
2021-07-29 06:13:22.000000 	-145.000000	58.928776	-153.644676	643.661973	-0.024708	-0.019342	-0.001587	0.359497	0.284807	0.636009	-0.183089	-0.027137	0.006363	0.014498	0.288708	0.272587	0.676169
2021-07-29 06:13:23.000000 	-144.000000	58.928776	-153.644676	643.661973	-0.023602	-0.017787	-0.005277	0.344607	0.272999	0.609742	-0.177226	-0.027601	0.005460	0.010470	0.276753	0.261291	0.648230
2021-07-29 06:13:24.000000 	-143.000000	58.928776	-153.644676	643.661973	-0.026877	-0.016121	-0.011468	0.380854	0.301700	0.673957	-0.198249	-0.032677	0.002513	0.006301	0.305864	0.288767	0.716485
2021-07-29 06:13:25.000000 	-142.000000	58.928776	-153.644676	643.661973	-0.027655	-0.012081	0.015810	0.267826	0.212153	0.474001	-0.126150	-0.017659	-0.001452	0.029099	0.215093	0.203063	0.503902
2021-07-29 06:13:26.000000 	-141.000000	58.928776	-153.644676	643.661973	-0.020194	-0.017269	-0.036117	0.457471	0.362360	0.809736	-0.251514	-0.040705	0.006510	-0.017640	0.367401	0.346842	0.860798
2021-07-29 06:13:27.000000 	-140.000000	58.928776	-153.644676	643.661973	-0.032294	-0.034456	0.016756	0.290283	0.229921	0.513871	-0.135124	-0.029240	0.016538	0.037181	0.233132	0.220080	0.546266
2021-07-29 06:13:28.000000 	-139.000000	58.928776	-153.644676	643.661973	-0.024671	-0.005601	-0.017436	0.371630	0.294340	0.657956	-0.196847	-0.030064	-0.005934	-0.002242	0.298465	0.281747	0.699420
2021-07-29 06:13:29.000000 	-138.000000	58.928776	-153.644676	643.661973	-0.012112	-0.020529	0.000025	0.341611	0.270551	0.604881	-0.176223	-0.017089	0.013019	0.010326	0.274358	0.258982	0.642988
2021-07-29 06:13:30.000000 	-137.000000	58.928776	-153.644676	643.661973	-0.040522	-0.026815	-0.001013	0.320034	0.253452	0.566745	-0.156777	-0.041819	0.006038	0.024016	0.257031	0.242618	0.602437
2021-07-29 06:13:31.000000 	-136.000000	58.928776	-153.644676	643.661973	-0.017547	-0.011943	-0.001906	0.367049	0.290672	0.650083	-0.189365	-0.018992	0.002912	0.009219	0.294793	0.278254	0.691011
2021-07-29 06:13:32.000000 	-135.000000	58.928776	-153.644676	643.661973	-0.018681	-0.030560	-0.017302	0.334993	0.265275	0.593380	-0.178184	-0.034888	0.019091	0.000822	0.269049	0.253947	0.630726
2021-07-29 06:13:33.000000 	-134.000000	58.928776	-153.644676	643.661973	-0.029356	-0.012016	0.007960	0.393033	0.311221	0.696272	-0.195306	-0.022991	-0.002266	0.023147	0.315666	0.297937	0.740078
2021-07-29 06:13:34.000000 	-133.000000	58.928776	-153.644676	643.661973	-0.008563	-0.014030	-0.029623	0.262368	0.207745	0.464850	-0.148810	-0.027196	0.008770	-0.018198	0.210723	0.198882	0.494087
2021-07-29 06:13:35.000000 	-132.000000	58.928776	-153.644676	643.661973	-0.043801	-0.021032	0.016273	0.396624	0.314036	0.702804	-0.188970	-0.033216	-0.000598	0.039013	0.318555	0.300645	0.746993
2021-07-29 06:13:36.000000 	-131.000000	58.928776	-153.644676	643.661973	-0.040074	-0.012678	0.014854	0.381127	0.301753	0.675427	-0.182742	-0.027911	-0.006430	0.034160	0.306111	0.288891	0.717880
2021-07-29 06:13:37.000000 	-130.000000	58.928776	-153.644676	643.661973	-0.009778	-0.026120	-0.030007	0.314916	0.249320	0.558157	-0.175857	-0.032923	0.019064	-0.015195	0.252934	0.238698	0.593227
2021-07-29 06:13:38.000000 	-129.000000	58.928776	-153.644676	643.661973	-0.024487	-0.008454	0.018929	0.354598	0.280724	0.628566	-0.171428	-0.012240	-0.003295	0.029475	0.284808	0.268770	0.668047
2021-07-29 06:13:39.000000 	-128.000000	58.928776	-153.644676	643.661973	-0.030158	-0.021845	-0.015378	0.373485	0.295663	0.662126	-0.194747	-0.039389	0.006186	0.005780	0.299980	0.283079	0.703702
2021-07-29 06:13:40.000000 	-127.000000	58.928776	-153.644676	643.661973	-0.028480	-0.025160	0.002807	0.357868	0.283287	0.634517	-0.178756	-0.029977	0.009901	0.021340	0.287439	0.271236	0.674346
2021-07-29 06:13:41.000000 	-126.000000	58.928776	-153.644676	643.661973	-0.022075	-0.016401	-0.015494	0.342623	0.271207	0.607560	-0.181025	-0.031175	0.004897	0.000695	0.275196	0.259674	0.645684
2021-07-29 06:13:42.000000 	-125.000000	58.928776	-153.644676	643.661973	-0.035549	-0.017679	0.012705	0.369629	0.292570	0.655528	-0.178759	-0.027449	0.000060	0.031373	0.296890	0.280136	0.696649
2021-07-29 06:13:43.000000 	-124.000000	58.928776	-153.644676	643.661973	-0.013045	-0.018493	-0.006764	0.339404	0.268635	0.601998	-0.177852	-0.020535	0.010780	0.004476	0.272615	0.257223	0.639749
2021-07-29 06:13:44.000000 	-123.000000	58.928776	-153.644676	643.661973	-0.027913	-0.024095	-0.002252	0.390408	0.308990	0.692547	-0.198395	-0.031748	0.009199	0.016500	0.313585	0.295870	0.735962
2021-07-29 06:13:45.000000 	-122.000000	58.928776	-153.644676	643.661973	-0.032858	-0.016507	-0.002948	0.306332	0.242436	0.543470	-0.153022	-0.033017	0.000205	0.016452	0.246055	0.232147	0.577528
2021-07-29 06:13:46.000000 	-121.000000	58.928776	-153.644676	643.661973	-0.016408	-0.019764	-0.012495	0.378394	0.299454	0.671399	-0.200011	-0.026557	0.010426	0.001414	0.303940	0.286751	0.713460
2021-07-29 06:13:47.000000 	-120.000000	58.928776	-153.644676	643.661973	-0.023796	-0.011412	-0.000635	0.316900	0.250778	0.562356	-0.160434	-0.022930	-0.000338	0.013075	0.254548	0.240145	0.597574
2021-07-29 06:13:48.000000 	-119.000000	58.928776	-153.644676	643.661973	-0.032464	-0.022949	-0.004260	0.266473	0.210863	0.472928	-0.132260	-0.035841	0.006151	0.016622	0.214044	0.201927	0.502536
2021-07-29 06:13:49.000000 	-118.000000	58.928776	-153.644676	643.661973	-0.028347	-0.023718	-0.004818	0.398947	0.315677	0.708125	-0.203891	-0.033261	0.008668	0.014417	0.320457	0.302305	0.752443
2021-07-29 06:13:50.000000 	-117.000000	58.928776	-153.644676	643.661973	-0.023678	-0.010220	0.001535	0.336375	0.266154	0.597134	-0.169778	-0.021267	-0.001354	0.014607	0.270198	0.254885	0.634493
2021-07-29 06:13:51.000000 	-116.000000	58.928776	-153.644676	643.661973	-0.022472	-0.023252	0.002016	0.368402	0.291481	0.654067	-0.186336	-0.025048	0.010859	0.017447	0.295926	0.279146	0.694974
2021-07-29 06:13:52.000000 	-115.000000	58.928776	-153.644676	643.661973	-0.033176	-0.018943	0.000689	0.381705	0.301994	0.677768	-0.191066	-0.032310	0.002247	0.020273	0.306615	0.289220	0.720144
2021-07-29 06:13:53.000000 	-114.000000	58.928776	-153.644676	643.661973	-0.015331	-0.017298	-0.013448	0.328676	0.260027	0.583679	-0.174526	-0.025285	0.008694	-0.000466	0.264020	0.249034	0.620160
2021-07-29 06:13:54.000000 	-113.000000	58.928776	-153.644676	643.661973	-0.038000	-0.017827	-0.004891	0.440061	0.348132	0.781577	-0.222973	-0.038467	-0.000896	0.017468	0.353497	0.333421	0.830411
2021-07-29 06:13:55.000000 	-112.000000	58.928776	-153.644676	643.661973	-0.011948	-0.024074	-0.008882	0.252673	0.199880	0.448817	-0.132909	-0.022908	0.016268	0.003434	0.202971	0.191438	0.476851
2021-07-29 06:13:56.000000 	-111.000000	58.928776	-153.644676	643.661973	-0.026199	-0.018858	0.001191	0.335053	0.265036	0.595220	-0.168184	-0.026663	0.005267	0.017457	0.269150	0.253847	0.632385
2021-07-29 06:13:57.000000 	-110.000000	58.928776	-153.644676	643.661973	-0.040024	-0.022036	0.011902	0.376544	0.297843	0.669009	-0.181142	-0.032955	0.001977	0.033753	0.302482	0.285275	0.710768
2021-07-29 06:13:58.000000 	-109.000000	58.928776	-153.644676	643.661973	-0.012875	-0.005931	-0.018581	0.304335	0.240716	0.540781	-0.164953	-0.021727	-0.000401	-0.008601	0.244478	0.230564	0.574525
2021-07-29 06:13:59.000000 	-108.000000	58.928776	-153.644676	643.661973	-0.042014	-0.028894	0.024647	0.434696	0.343811	0.772517	-0.205265	-0.030512	0.007239	0.047160	0.349203	0.329317	0.820705
2021-07-29 06:14:00.000000 	-107.000000	58.928776	-153.644676	643.661973	-0.001887	-0.007874	-0.037819	0.320816	0.253729	0.570205	-0.185143	-0.023961	0.006218	-0.029716	0.257722	0.243038	0.605761
2021-07-29 06:14:01.000000 	-106.000000	58.928776	-153.644676	643.661973	-0.030995	-0.028723	0.002726	0.302849	0.239509	0.538337	-0.148543	-0.033303	0.011978	0.023250	0.243291	0.229422	0.571895
2021-07-29 06:14:02.000000 	-105.000000	58.928776	-153.644676	643.661973	-0.026881	-0.027455	-0.004526	0.370807	0.293240	0.659216	-0.189002	-0.033406	0.012668	0.014845	0.297887	0.280896	0.700296
2021-07-29 06:14:03.000000 	-104.000000	58.928776	-153.644676	643.661973	-0.017363	-0.013550	0.002056	0.400653	0.316829	0.712363	-0.204934	-0.017417	0.004433	0.012895	0.321866	0.303498	0.756739
2021-07-29 06:14:04.000000 	-103.000000	58.928776	-153.644676	643.661973	-0.030807	-0.019032	-0.016993	0.341396	0.269958	0.607078	-0.178112	-0.039651	0.003377	0.004053	0.274265	0.258605	0.644883
2021-07-29 06:14:05.000000 	-102.000000	58.928776	-153.644676	643.661973	-0.019789	-0.017467	0.002942	0.347883	0.275074	0.618687	-0.175928	-0.020311	0.006867	0.015674	0.279478	0.263512	0.657203
2021-07-29 06:14:06.000000 	-101.000000	58.928776	-153.644676	643.661973	-0.031560	-0.018576	-0.004214	0.352490	0.278705	0.626957	-0.178145	-0.033460	0.002634	0.015242	0.283182	0.266996	0.665974
2021-07-29 06:14:07.000000 	-100.000000	58.928776	-153.644676	643.661973	-0.038402	-0.012780	0.030543	0.309373	0.244603	0.550334	-0.137902	-0.018569	-0.005597	0.046848	0.248546	0.234331	0.584571
2021-07-29 06:14:08.000000 	-99.000000	58.928776	-153.644676	643.661973	-0.008471	-0.016568	-0.033230	0.349492	0.276310	0.621776	-0.196086	-0.029951	0.011085	-0.020749	0.280779	0.264713	0.660445
2021-07-29 06:14:09.000000 	-98.000000	58.928776	-153.644676	643.661973	-0.025683	-0.021835	-0.000519	0.362871	0.286874	0.645656	-0.183538	-0.028282	0.008164	0.016436	0.291530	0.274840	0.685796
2021-07-29 06:14:10.000000 	-97.000000	58.928776	-153.644676	643.661973	-0.018415	-0.011248	-0.019666	0.305621	0.241604	0.543857	-0.164281	-0.028560	0.001903	-0.005751	0.245538	0.231473	0.577658
2021-07-29 06:14:11.000000 	-96.000000	58.928776	-153.644676	643.661973	-0.018952	-0.021988	-0.014970	0.305088	0.241172	0.542974	-0.161363	-0.030633	0.011289	0.000980	0.245112	0.231064	0.576709
2021-07-29 06:14:12.000000 	-95.000000	58.928776	-153.644676	643.661973	-0.022834	-0.026454	-0.014502	0.410764	0.324694	0.731137	-0.215642	-0.035068	0.013567	0.004199	0.330016	0.311093	0.776547
2021-07-29 06:14:13.000000 	-94.000000	58.928776	-153.644676	643.661973	-0.030821	-0.012691	0.014658	0.307122	0.242758	0.546727	-0.146095	-0.020916	-0.002310	0.029716	0.246751	0.232594	0.580672
2021-07-29 06:14:14.000000 	-93.000000	58.928776	-153.644676	643.661973	-0.024408	-0.017837	0.015778	0.352161	0.278346	0.626979	-0.170967	-0.017372	0.005147	0.028888	0.282939	0.266697	0.665894
2021-07-29 06:14:15.000000 	-92.000000	58.928776	-153.644676	643.661973	-0.020905	-0.019786	-0.014108	0.384027	0.303519	0.683796	-0.202147	-0.030849	0.008449	0.002117	0.308544	0.290823	0.726223
2021-07-29 06:14:16.000000 	-91.000000	58.928776	-153.644676	643.661973	-0.022238	-0.021187	-0.019073	0.336949	0.266299	0.600042	-0.179048	-0.034968	0.009112	-0.001198	0.270723	0.255166	0.637260
2021-07-29 06:14:17.000000 	-90.000000	58.928776	-153.644676	643.661973	-0.026971	-0.019011	0.020780	0.316748	0.250322	0.564136	-0.149231	-0.017204	0.005061	0.034628	0.254494	0.239862	0.599115
2021-07-29 06:14:18.000000 	-89.000000	58.928776	-153.644676	643.661973	-0.024701	-0.019550	-0.016547	0.381141	0.301198	0.678904	-0.200597	-0.034932	0.006553	0.001730	0.306234	0.288618	0.720985
2021-07-29 06:14:19.000000 	-88.000000	58.928776	-153.644676	643.661973	-0.020628	-0.011850	-0.005441	0.346843	0.274082	0.617886	-0.178975	-0.023146	0.001461	0.007594	0.278680	0.262640	0.656172
2021-07-29 06:14:20.000000 	-87.000000	58.928776	-153.644676	643.661973	-0.030161	-0.022329	0.012758	0.323209	0.255394	0.575853	-0.155220	-0.025054	0.006619	0.029992	0.259693	0.244738	0.611523
2021-07-29 06:14:21.000000 	-86.000000	58.928776	-153.644676	643.661973	-0.036377	-0.023230	-0.009461	0.401935	0.317588	0.716203	-0.204831	-0.041635	0.004666	0.014042	0.322951	0.304343	0.760551
2021-07-29 06:14:22.000000 	-85.000000	58.928776	-153.644676	643.661973	-0.011380	-0.019364	-0.017839	0.306796	0.242403	0.546742	-0.165701	-0.025305	0.012299	-0.005580	0.246510	0.232299	0.580586
2021-07-29 06:14:23.000000 	-84.000000	58.928776	-153.644676	643.661973	-0.013921	-0.018909	-0.012936	0.379726	0.300013	0.676792	-0.201240	-0.024551	0.010763	-0.000310	0.305112	0.287513	0.718672
2021-07-29 06:14:24.000000 	-83.000000	58.928776	-153.644676	643.661973	-0.037512	-0.020391	0.010533	0.342736	0.270776	0.610939	-0.164413	-0.031108	0.001618	0.031041	0.275394	0.259500	0.648731
2021-07-29 06:14:25.000000 	-82.000000	58.928776	-153.644676	643.661973	-0.024537	-0.012072	0.005547	0.340366	0.268892	0.606788	-0.169451	-0.020559	-0.000076	0.018864	0.273492	0.257700	0.644311
2021-07-29 06:14:26.000000 	-81.000000	58.928776	-153.644676	643.661973	-0.009587	-0.019585	-0.027876	0.362902	0.286683	0.647042	-0.200190	-0.029192	0.013293	-0.014956	0.291603	0.274757	0.687041
2021-07-29 06:14:27.000000 	-80.000000	58.928776	-153.644676	643.661973	-0.045434	-0.020304	0.011906	0.335898	0.265339	0.598967	-0.157716	-0.036447	-0.001976	0.035861	0.269907	0.254306	0.635982
2021-07-29 06:14:28.000000 	-79.000000	58.928776	-153.644676	643.661973	-0.014049	-0.015324	0.004734	0.355450	0.280771	0.633909	-0.180488	-0.014166	0.007495	0.014063	0.285621	0.269102	0.673069
2021-07-29 06:14:29.000000 	-78.000000	58.928776	-153.644676	643.661973	-0.021188	-0.013854	-0.024374	0.337017	0.266199	0.601108	-0.181861	-0.034109	0.003008	-0.007904	0.270812	0.255141	0.638229
2021-07-29 06:14:30.000000 	-77.000000	58.928776	-153.644676	643.661973	-0.024711	-0.012083	0.005665	0.353908	0.279528	0.631311	-0.176430	-0.020636	-0.000144	0.019049	0.284388	0.267923	0.670285
2021-07-29 06:14:31.000000 	-76.000000	58.928776	-153.644676	643.661973	-0.016345	-0.024415	-0.026541	0.376636	0.297467	0.671936	-0.204702	-0.035526	0.014621	-0.009580	0.302654	0.285122	0.713403
2021-07-29 06:14:32.000000 	-75.000000	58.928776	-153.644676	643.661973	-0.031426	-0.015494	0.022573	0.328838	0.259704	0.586732	-0.153524	-0.018360	-0.000068	0.037417	0.264248	0.248932	0.622929
2021-07-29 06:14:33.000000 	-74.000000	58.928776	-153.644676	643.661973	-0.014500	-0.025206	-0.024288	0.370096	0.292276	0.660428	-0.200714	-0.033248	0.016149	-0.008323	0.297405	0.280159	0.701158
2021-07-29 06:14:34.000000 	-73.000000	58.928776	-153.644676	643.661973	-0.039702	-0.015060	0.014661	0.336745	0.265926	0.600986	-0.158820	-0.028631	-0.004131	0.034369	0.270608	0.254907	0.638038
2021-07-29 06:14:35.000000 	-72.000000	58.928776	-153.644676	643.661973	-0.032504	-0.021410	0.010922	0.330855	0.261263	0.590545	-0.159305	-0.027451	0.004755	0.029292	0.265877	0.250442	0.626941
2021-07-29 06:14:36.000000 	-71.000000	58.928776	-153.644676	643.661973	-0.018265	-0.011444	-0.014566	0.343156	0.270964	0.612575	-0.181630	-0.025887	0.002146	-0.001408	0.275765	0.259748	0.650316
2021-07-29 06:14:37.000000 	-70.000000	58.928776	-153.644676	643.661973	-0.024807	-0.020076	-0.001956	0.411690	0.325066	0.735005	-0.209928	-0.027683	0.006977	0.014397	0.330843	0.311616	0.780274
2021-07-29 06:14:38.000000 	-69.000000	58.928776	-153.644676	643.661973	-0.014397	-0.017156	-0.009732	0.275907	0.217844	0.492647	-0.144938	-0.022595	0.008982	0.002253	0.221728	0.208835	0.522979
2021-07-29 06:14:39.000000 	-68.000000	58.928776	-153.644676	643.661973	-0.025831	-0.009954	-0.009046	0.344890	0.272298	0.615895	-0.177904	-0.028279	-0.002548	0.006478	0.277168	0.261043	0.653801
2021-07-29 06:14:40.000000 	-67.000000	58.928776	-153.644676	643.661973	-0.036875	-0.035110	0.017577	0.391612	0.309172	0.699413	-0.186386	-0.032581	0.015091	0.040153	0.314718	0.296399	0.742445
2021-07-29 06:14:41.000000 	-66.000000	58.928776	-153.644676	643.661973	-0.008754	-0.000607	-0.026962	0.323613	0.255476	0.578038	-0.179707	-0.020864	-0.003342	-0.018906	0.260074	0.244927	0.613591
2021-07-29 06:14:42.000000 	-65.000000	58.928776	-153.644676	643.661973	-0.023977	-0.025202	0.000868	0.378865	0.299082	0.676811	-0.191339	-0.027537	0.011938	0.017606	0.304481	0.286738	0.718425
2021-07-29 06:14:43.000000 	-64.000000	58.928776	-153.644676	643.661973	-0.038428	-0.017805	-0.000515	0.337526	0.266436	0.603034	-0.166177	-0.036530	-0.001105	0.021409	0.271261	0.255446	0.640099
2021-07-29 06:14:44.000000 	-63.000000	58.928776	-153.644676	643.661973	-0.037293	-0.025469	0.017728	0.331190	0.261423	0.591786	-0.154746	-0.029157	0.006266	0.038266	0.266172	0.250645	0.628147
2021-07-29 06:14:45.000000 	-62.000000	58.928776	-153.644676	643.661973	-0.012569	-0.009835	-0.004756	0.342435	0.270288	0.611954	-0.178384	-0.015841	0.003233	0.003992	0.275213	0.259150	0.649542
2021-07-29 06:14:46.000000 	-61.000000	58.928776	-153.644676	643.661973	-0.025807	-0.010814	-0.011936	0.342775	0.270544	0.612634	-0.177989	-0.030079	-0.001766	0.004189	0.275488	0.259401	0.650251
2021-07-29 06:14:47.000000 	-60.000000	58.928776	-153.644676	643.661973	-0.017948	-0.032661	0.000884	0.355471	0.280552	0.635402	-0.180194	-0.025738	0.021299	0.016540	0.285695	0.269003	0.674404
2021-07-29 06:14:48.000000 	-59.000000	58.928776	-153.644676	643.661973	-0.034820	-0.015283	-0.012535	0.327949	0.258820	0.586278	-0.167521	-0.039005	-0.001763	0.008868	0.263579	0.248170	0.622252
2021-07-29 06:14:49.000000 	-58.000000	58.928776	-153.644676	643.661973	-0.025313	-0.013967	0.013154	0.357268	0.281946	0.638768	-0.174388	-0.017949	0.001278	0.026173	0.287146	0.270351	0.677950
2021-07-29 06:14:50.000000 	-57.000000	58.928776	-153.644676	643.661973	-0.024814	-0.022466	-0.014316	0.348189	0.274769	0.622612	-0.181763	-0.034976	0.009114	0.004360	0.279852	0.263475	0.660789
2021-07-29 06:14:51.000000 	-56.000000	58.928776	-153.644676	643.661973	-0.023945	-0.014766	0.003815	0.355531	0.280551	0.635817	-0.178052	-0.022023	0.002602	0.017724	0.285757	0.269024	0.674791
2021-07-29 06:14:52.000000 	-55.000000	58.928776	-153.644676	643.661973	-0.021439	-0.017542	-0.011634	0.387174	0.305507	0.692489	-0.202244	-0.029129	0.006202	0.003969	0.311193	0.292961	0.734922
2021-07-29 06:14:53.000000 	-54.000000	58.928776	-153.644676	643.661973	-0.029013	-0.023864	0.008033	0.293909	0.231904	0.525742	-0.141854	-0.027196	0.008503	0.025765	0.236234	0.222386	0.557947
2021-07-29 06:14:54.000000 	-53.000000	58.928776	-153.644676	643.661973	-0.031796	-0.015644	-0.012729	0.321557	0.253709	0.575268	-0.165112	-0.036921	-0.000097	0.007385	0.258459	0.243301	0.610495
2021-07-29 06:14:55.000000 	-52.000000	58.928776	-153.644676	643.661973	-0.020990	-0.018108	-0.013552	0.374863	0.295754	0.670712	-0.196700	-0.029989	0.006908	0.002249	0.301308	0.283627	0.711770
2021-07-29 06:14:56.000000 	-51.000000	58.928776	-153.644676	643.661973	-0.025537	-0.018501	0.008360	0.359957	0.283981	0.644121	-0.177698	-0.022320	0.005241	0.023209	0.289331	0.272344	0.683537
2021-07-29 06:14:57.000000 	-50.000000	58.928776	-153.644676	643.661973	-0.017667	-0.020476	-0.003522	0.344743	0.271966	0.616970	-0.177168	-0.023163	0.010505	0.009845	0.277105	0.260827	0.654712
2021-07-29 06:14:58.000000 	-49.000000	58.928776	-153.644676	643.661973	-0.044977	-0.017579	0.019111	0.299296	0.236103	0.535700	-0.135095	-0.031340	-0.004215	0.041197	0.240577	0.226437	0.568459
2021-07-29 06:14:59.000000 	-48.000000	58.928776	-153.644676	643.661973	-0.018615	-0.017931	-0.020988	0.408421	0.322174	0.731108	-0.218303	-0.031937	0.007804	-0.005260	0.328297	0.308991	0.775802
2021-07-29 06:15:00.000000 	-47.000000	58.928776	-153.644676	643.661973	-0.026319	-0.015471	0.003149	0.295512	0.233098	0.529055	-0.145981	-0.024457	0.002179	0.018413	0.237541	0.223565	0.561386
2021-07-29 06:15:01.000000 	-46.000000	58.928776	-153.644676	643.661973	-0.021348	-0.018940	-0.004037	0.345552	0.272557	0.618717	-0.176831	-0.025669	0.007494	0.010754	0.277768	0.261416	0.656514
2021-07-29 06:15:02.000000 	-45.000000	58.928776	-153.644676	643.661973	-0.025777	-0.013186	-0.011685	0.368326	0.290507	0.659572	-0.191132	-0.030828	0.000372	0.004933	0.296078	0.278638	0.699852
2021-07-29 06:15:03.000000 	-44.000000	58.928776	-153.644676	643.661973	-0.023628	-0.018757	-0.002854	0.325156	0.256447	0.582338	-0.164909	-0.026740	0.006318	0.012780	0.261379	0.245975	0.617888
2021-07-29 06:15:04.000000 	-43.000000	58.928776	-153.644676	643.661973	-0.019125	-0.022134	-0.000749	0.398337	0.314151	0.713487	-0.203546	-0.023481	0.011343	0.013275	0.320210	0.301329	0.757029
2021-07-29 06:15:05.000000 	-42.000000	58.928776	-153.644676	643.661973	-0.032246	-0.020271	0.000305	0.282210	0.222557	0.505544	-0.138211	-0.032299	0.003849	0.019819	0.226862	0.213478	0.536386
2021-07-29 06:15:06.000000 	-41.000000	58.928776	-153.644676	643.661973	-0.011961	-0.022540	-0.032353	0.322878	0.254617	0.578467	-0.179925	-0.034448	0.014887	-0.017016	0.259558	0.244236	0.613745
2021-07-29 06:15:07.000000 	-40.000000	58.928776	-153.644676	643.661973	-0.030424	-0.013981	0.003287	0.358451	0.282658	0.642277	-0.177834	-0.026971	-0.000979	0.020088	0.288158	0.271139	0.681433
2021-07-29 06:15:08.000000 	-39.000000	58.928776	-153.644676	643.661973	-0.031386	-0.017215	0.003720	0.339188	0.267456	0.607834	-0.167107	-0.028715	0.001492	0.021645	0.272675	0.256562	0.644877
2021-07-29 06:15:09.000000 	-38.000000	58.928776	-153.644676	643.661973	-0.007197	-0.019582	-0.009616	0.425673	0.335636	0.762909	-0.225131	-0.017933	0.014351	-0.000421	0.342205	0.321973	0.809387
2021-07-29 06:15:10.000000 	-37.000000	58.928776	-153.644676	643.661973	-0.030022	-0.020188	-0.000324	0.212577	0.167607	0.381036	-0.102268	-0.030885	0.004761	0.018232	0.170897	0.160787	0.404242
2021-07-29 06:15:11.000000 	-36.000000	58.928776	-153.644676	643.661973	-0.030318	-0.023226	-0.007489	0.397051	0.313041	0.711783	-0.202637	-0.035965	0.007353	0.012928	0.319204	0.300310	0.755117
2021-07-29 06:15:12.000000 	-35.000000	58.928776	-153.644676	643.661973	-0.019919	-0.012570	0.012815	0.366817	0.289192	0.657663	-0.180847	-0.013454	0.002420	0.023068	0.294901	0.277437	0.697689
2021-07-29 06:15:13.000000 	-34.000000	58.928776	-153.644676	643.661973	-0.035896	-0.016705	0.009716	0.357578	0.281896	0.641176	-0.172741	-0.028887	-0.000967	0.028750	0.287477	0.270444	0.680184
2021-07-29 06:15:14.000000 	-33.000000	58.928776	-153.644676	643.661973	-0.027292	-0.020725	-0.004037	0.342636	0.270104	0.614456	-0.173401	-0.030911	0.006455	0.013912	0.275468	0.259137	0.651827
2021-07-29 06:15:15.000000 	-32.000000	58.928776	-153.644676	643.661973	-0.019711	-0.026350	-0.018015	0.346446	0.273096	0.621363	-0.183544	-0.034446	0.014861	-0.000278	0.278534	0.262013	0.659141
2021-07-29 06:15:16.000000 	-31.000000	58.928776	-153.644676	643.661973	-0.010426	-0.006788	-0.030578	0.321520	0.253436	0.576728	-0.179334	-0.026364	0.001454	-0.019814	0.258498	0.243156	0.611779
2021-07-29 06:15:17.000000 	-30.000000	58.928776	-153.644676	643.661973	-0.037949	-0.028054	0.014764	0.368186	0.290208	0.660514	-0.174967	-0.032173	0.008291	0.036623	0.296020	0.278442	0.700644
2021-07-29 06:15:18.000000 	-29.000000	58.928776	-153.644676	643.661973	-0.020265	-0.018444	-0.019009	0.324713	0.255931	0.582595	-0.172708	-0.032377	0.007531	-0.002684	0.261072	0.245561	0.617979
2021-07-29 06:15:19.000000 	-28.000000	58.928776	-153.644676	643.661973	-0.028269	-0.011957	0.005628	0.379092	0.298778	0.680243	-0.188192	-0.023338	-0.001835	0.020633	0.304796	0.286678	0.721543
2021-07-29 06:15:20.000000 	-27.000000	58.928776	-153.644676	643.661973	-0.025048	-0.022786	-0.009602	0.355363	0.280064	0.637739	-0.183090	-0.032845	0.009298	0.008580	0.285721	0.268727	0.676446
2021-07-29 06:15:21.000000 	-26.000000	58.928776	-153.644676	643.661973	-0.026852	-0.018318	-0.001106	0.270681	0.213316	0.485826	-0.134359	-0.028145	0.004493	0.015667	0.217637	0.204686	0.515302
2021-07-29 06:15:22.000000 	-25.000000	58.928776	-153.644676	643.661973	-0.019672	-0.025763	-0.012968	0.381393	0.300553	0.684618	-0.199658	-0.031588	0.014352	0.003893	0.306658	0.288399	0.726141
2021-07-29 06:15:23.000000 	-24.000000	58.928776	-153.644676	643.661973	-0.037011	-0.016112	0.037248	0.351909	0.277306	0.631769	-0.156838	-0.015309	-0.001993	0.052712	0.282955	0.266099	0.670074
2021-07-29 06:15:24.000000 	-23.000000	58.928776	-153.644676	643.661973	-0.015349	-0.015022	-0.023683	0.332590	0.262071	0.597158	-0.180410	-0.029716	0.006647	-0.009745	0.267425	0.251485	0.633351
2021-07-29 06:15:25.000000 	-22.000000	58.928776	-153.644676	643.661973	-0.032987	-0.015041	0.014910	0.359568	0.283317	0.645674	-0.172238	-0.023342	-0.001167	0.031472	0.289121	0.271878	0.684794
2021-07-29 06:15:26.000000 	-21.000000	58.928776	-153.644676	643.661973	-0.027836	-0.018440	-0.014258	0.345273	0.272041	0.620078	-0.179130	-0.035735	0.004166	0.004886	0.277630	0.261064	0.657635
2021-07-29 06:15:27.000000 	-20.000000	58.928776	-153.644676	643.661973	-0.019127	-0.013361	-0.005215	0.291981	0.230043	0.524434	-0.149810	-0.022452	0.003481	0.007440	0.234782	0.220765	0.556188
2021-07-29 06:15:28.000000 	-19.000000	58.928776	-153.644676	643.661973	-0.024903	-0.020038	-0.011923	0.356949	0.281217	0.641202	-0.185035	-0.032886	0.006899	0.005895	0.287026	0.269881	0.680012
2021-07-29 06:15:29.000000 	-18.000000	58.928776	-153.644676	643.661973	-0.043631	-0.022877	0.030954	0.389022	0.306472	0.698901	-0.177043	-0.026210	0.001130	0.051932	0.312821	0.294125	0.741188
2021-07-29 06:15:30.000000 	-17.000000	58.928776	-153.644676	643.661973	-0.008918	-0.011376	-0.014351	0.335328	0.264161	0.602508	-0.179533	-0.018577	0.006235	-0.005561	0.269648	0.253523	0.638951
2021-07-29 06:15:31.000000 	-16.000000	58.928776	-153.644676	643.661973	-0.024980	-0.022499	-0.010489	0.293788	0.231427	0.527933	-0.150985	-0.033140	0.009071	0.007723	0.236247	0.222112	0.559854
2021-07-29 06:15:32.000000 	-15.000000	58.928776	-153.644676	643.661973	-0.031051	-0.025830	-0.004578	0.381704	0.300668	0.685999	-0.192721	-0.036016	0.009360	0.016357	0.306948	0.288573	0.727463
2021-07-29 06:15:33.000000 	-14.000000	58.928776	-153.644676	643.661973	-0.027142	-0.010691	-0.005105	0.384230	0.302645	0.690623	-0.195920	-0.027531	-0.002469	0.010629	0.308984	0.290477	0.732352
2021-07-29 06:15:34.000000 	-13.000000	58.928776	-153.644676	643.661973	-0.016907	-0.010563	0.008615	0.317330	0.249939	0.570444	-0.157492	-0.012546	0.001960	0.017618	0.255189	0.239896	0.604899
2021-07-29 06:15:35.000000 	-12.000000	58.928776	-153.644676	643.661973	-0.025534	-0.013662	-0.011142	0.396761	0.312488	0.713316	-0.205566	-0.030543	0.000906	0.005395	0.319069	0.299937	0.756386
2021-07-29 06:15:36.000000 	-11.000000	58.928776	-153.644676	643.661973	-0.034808	-0.020564	0.012313	0.298318	0.234945	0.536396	-0.140342	-0.028180	0.002974	0.031355	0.239907	0.225514	0.568773
2021-07-29 06:15:37.000000 	-10.000000	58.928776	-153.644676	643.661973	-0.017636	-0.016263	-0.023582	0.362041	0.285118	0.651052	-0.195031	-0.031890	0.006743	-0.008317	0.291156	0.273679	0.690335
2021-07-29 06:15:38.000000 	-9.000000	58.928776	-153.644676	643.661973	-0.031086	-0.028030	-0.002844	0.353002	0.277988	0.634873	-0.176664	-0.035985	0.011316	0.018362	0.283890	0.266840	0.673166
2021-07-29 06:15:39.000000 	-8.000000	58.928776	-153.644676	643.661973	-0.013372	-0.007471	-0.017602	0.335993	0.264582	0.604356	-0.180142	-0.022189	0.000758	-0.007181	0.270216	0.253978	0.640796
2021-07-29 06:15:40.000000 	-7.000000	58.928776	-153.644676	643.661973	-0.025043	-0.020161	-0.003662	0.382564	0.301242	0.688206	-0.194645	-0.028777	0.006948	0.013064	0.307674	0.289175	0.729688
2021-07-29 06:15:41.000000 	-6.000000	58.928776	-153.644676	643.661973	-0.031791	-0.024519	0.015409	0.339952	0.267677	0.611623	-0.161531	-0.025770	0.007857	0.033518	0.273407	0.256960	0.648476
2021-07-29 06:15:42.000000 	-5.000000	58.928776	-153.644676	643.661973	-0.022421	-0.005195	-0.015683	0.403879	0.317999	0.726724	-0.212330	-0.027278	-0.005299	-0.001874	0.324825	0.305274	0.770498
2021-07-29 06:15:43.000000 	-4.000000	58.928776	-153.644676	643.661973	-0.033842	-0.033143	0.014727	0.283320	0.223066	0.509856	-0.130874	-0.030975	0.014674	0.035858	0.227867	0.214144	0.540556
2021-07-29 06:15:44.000000 	-3.000000	58.928776	-153.644676	643.661973	-0.029548	-0.007212	0.010560	0.383147	0.301650	0.689585	-0.187573	-0.019970	-0.006655	0.024362	0.308159	0.289591	0.731093
2021-07-29 06:15:45.000000 	-2.000000	58.928776	-153.644676	643.661973	-0.031659	-0.028835	-0.003194	0.313825	0.247062	0.564887	-0.155888	-0.036911	0.011783	0.018512	0.252408	0.237191	0.598877
2021-07-29 06:15:46.000000 	-1.000000	58.928776	-153.644676	643.661973	-0.014760	-0.010274	-0.029477	0.348888	0.274654	0.628076	-0.191646	-0.030448	0.002653	-0.016068	0.280613	0.263686	0.665855
2021-07-29 06:15:47.000000 	0.000000	58.928776	-153.644676	643.661973	-0.031367	-0.020289	0.021485	0.333988	0.262914	0.601326	-0.155882	-0.020700	0.004255	0.037557	0.268633	0.252420	0.637483
2021-07-29 06:15:48.000000 	1.000000	58.928776	-153.644676	643.661973	-0.022301	-0.022027	-0.005702	0.388949	0.306165	0.700364	-0.199532	-0.028434	0.009838	0.010476	0.312844	0.293952	0.742461
2021-07-29 06:15:49.000000 	2.000000	58.928776	-153.644676	643.661973	-0.020113	-0.014895	-0.006678	0.359595	0.283047	0.647584	-0.185438	-0.024547	0.004418	0.006994	0.289237	0.271762	0.686496
2021-07-29 06:15:50.000000 	3.000000	58.928776	-153.644676	643.661973	-0.032200	-0.016361	-0.006007	0.327399	0.257693	0.589674	-0.164621	-0.034035	0.000366	0.013494	0.263345	0.247425	0.625094
2021-07-29 06:15:51.000000 	4.000000	58.928776	-153.644676	643.661973	-0.007479	-0.009628	-0.025409	0.334192	0.263029	0.601980	-0.184163	-0.022515	0.005307	-0.016099	0.268812	0.252553	0.638126
2021-07-29 06:15:52.000000 	5.000000	58.928776	-153.644676	643.661973	-0.037476	-0.022158	0.032964	0.338984	0.266789	0.610686	-0.151384	-0.020175	0.003218	0.050642	0.272671	0.256170	0.647343
2021-07-29 06:15:53.000000 	6.000000	58.928776	-153.644676	643.661973	-0.021172	-0.015154	-0.026653	0.366063	0.288089	0.659548	-0.197357	-0.035767	0.004180	-0.009566	0.294457	0.276627	0.699124
2021-07-29 06:15:54.000000 	7.000000	58.928776	-153.644676	643.661973	-0.020385	-0.022748	-0.002741	0.345967	0.272262	0.623415	-0.176088	-0.025710	0.011334	0.012291	0.278296	0.261436	0.660809
2021-07-29 06:15:55.000000 	8.000000	58.928776	-153.644676	643.661973	-0.046772	-0.019769	0.016341	0.356058	0.280191	0.641675	-0.165160	-0.034980	-0.003050	0.040156	0.286417	0.269055	0.680150
2021-07-29 06:15:56.000000 	9.000000	58.928776	-153.644676	643.661973	-0.018007	-0.010373	-0.006274	0.315561	0.248313	0.568762	-0.162839	-0.021003	0.001301	0.005330	0.253845	0.238449	0.602854
2021-07-29 06:15:57.000000 	10.000000	58.928776	-153.644676	643.661973	-0.015051	-0.021489	-0.000122	0.398754	0.313763	0.718792	-0.204037	-0.019786	0.012574	0.011780	0.320771	0.301306	0.761862
2021-07-29 06:15:58.000000 	11.000000	58.928776	-153.644676	643.661973	-0.026931	-0.012730	-0.024825	0.371252	0.292110	0.669298	-0.197580	-0.038322	-0.000548	-0.005892	0.298653	0.280520	0.709388
2021-07-29 06:15:59.000000 	12.000000	58.928776	-153.644676	643.661973	-0.032951	-0.013827	0.017038	0.336652	0.264875	0.606993	-0.158966	-0.021754	-0.002238	0.033000	0.270823	0.254371	0.643338
2021-07-29 06:16:00.000000 	13.000000	58.928776	-153.644676	643.661973	-0.016022	-0.022160	-0.008826	0.340418	0.267827	0.613857	-0.177101	-0.025278	0.012744	0.004927	0.273857	0.257211	0.650601
2021-07-29 06:16:01.000000 	14.000000	58.928776	-153.644676	643.661973	-0.038063	-0.021465	0.002074	0.359493	0.282822	0.648331	-0.175876	-0.036305	0.002337	0.024297	0.289206	0.271618	0.687124
2021-07-29 06:16:02.000000 	15.000000	58.928776	-153.644676	643.661973	-0.014955	-0.022301	-0.004013	0.347463	0.273346	0.626710	-0.178880	-0.022028	0.013344	0.008588	0.279532	0.262523	0.664197
2021-07-29 06:16:03.000000 	16.000000	58.928776	-153.644676	643.661973	-0.020045	-0.009767	-0.019270	0.342621	0.269526	0.618051	-0.182184	-0.029044	-0.000147	-0.004997	0.275641	0.258860	0.655007
2021-07-29 06:16:04.000000 	17.000000	58.928776	-153.644676	643.661973	-0.026483	-0.018300	0.004457	0.308777	0.242892	0.557067	-0.151700	-0.024984	0.004641	0.020258	0.248417	0.233285	0.590364
2021-07-29 06:16:05.000000 	18.000000	58.928776	-153.644676	643.661973	-0.023038	-0.028104	-0.020425	0.346212	0.272327	0.624677	-0.182990	-0.038909	0.014956	-0.000401	0.278538	0.261562	0.662003
2021-07-29 06:16:06.000000 	19.000000	58.928776	-153.644676	643.661973	-0.029537	-0.014208	-0.005200	0.391354	0.307822	0.706212	-0.198582	-0.030756	-0.000382	0.012461	0.314861	0.295661	0.748395
2021-07-29 06:16:07.000000 	20.000000	58.928776	-153.644676	643.661973	-0.039155	-0.016564	0.011842	0.320896	0.252393	0.579138	-0.151003	-0.030238	-0.002541	0.032045	0.258179	0.242426	0.613719
2021-07-29 06:16:08.000000 	21.000000	58.928776	-153.644676	643.661973	-0.021619	-0.015694	0.004086	0.365286	0.287294	0.659329	-0.182929	-0.020451	0.004466	0.017094	0.293897	0.275956	0.698684
2021-07-29 06:16:09.000000 	22.000000	58.928776	-153.644676	643.661973	-0.015035	-0.027651	-0.000824	0.327766	0.257774	0.591678	-0.166735	-0.022479	0.018103	0.012583	0.263714	0.247606	0.626982
2021-07-29 06:16:10.000000 	23.000000	58.928776	-153.644676	643.661973	-0.021701	-0.012325	-0.018631	0.377885	0.297178	0.682233	-0.199788	-0.030958	0.001410	-0.003098	0.304043	0.285462	0.722926
2021-07-29 06:16:11.000000 	24.000000	58.928776	-153.644676	643.661973	-0.024585	-0.025286	-0.012394	0.321938	0.253170	0.581296	-0.166313	-0.034880	0.011744	0.006547	0.259033	0.243194	0.615957
2021-07-29 06:16:12.000000 	25.000000	58.928776	-153.644676	643.661973	-0.020886	-0.011216	0.007835	0.314762	0.247516	0.568407	-0.155079	-0.016251	0.000778	0.018939	0.253263	0.237768	0.602287
2021-07-29 06:16:13.000000 	26.000000	58.928776	-153.644676	643.661973	-0.026756	-0.018938	-0.022207	0.390174	0.306803	0.704672	-0.206104	-0.039197	0.005092	-0.002309	0.313945	0.294728	0.746659
2021-07-29 06:16:14.000000 	27.000000	58.928776	-153.644676	643.661973	-0.021461	-0.020923	-0.000862	0.411401	0.323482	0.743098	-0.209119	-0.024872	0.009221	0.013980	0.331031	0.310756	0.787360
2021-07-29 06:16:15.000000 	28.000000	58.928776	-153.644676	643.661973	-0.035836	-0.012071	0.009728	0.294848	0.231827	0.532636	-0.139329	-0.027073	-0.005093	0.027671	0.237251	0.222712	0.564351
2021-07-29 06:16:16.000000 	29.000000	58.928776	-153.644676	643.661973	-0.016135	-0.028935	-0.010622	0.391378	0.307712	0.707101	-0.204119	-0.028868	0.018764	0.004993	0.314929	0.295620	0.749189
2021-07-29 06:16:17.000000 	30.000000	58.928776	-153.644676	643.661973	-0.025142	-0.013431	0.000887	0.334117	0.262680	0.603718	-0.167044	-0.023945	0.000874	0.015464	0.268857	0.252363	0.639640
2021-07-29 06:16:18.000000 	31.000000	58.928776	-153.644676	643.661973	-0.029988	-0.017728	0.004074	0.315025	0.247660	0.569288	-0.154030	-0.027655	0.002573	0.021420	0.253498	0.237938	0.603150
2021-07-29 06:16:19.000000 	32.000000	58.928776	-153.644676	643.661973	-0.011685	-0.016973	-0.038608	0.388863	0.305696	0.702808	-0.217022	-0.035347	0.010022	-0.023776	0.312920	0.293703	0.744596
2021-07-29 06:16:20.000000 	33.000000	58.928776	-153.644676	643.661973	-0.033117	-0.013431	0.026148	0.345249	0.271398	0.624057	-0.159099	-0.017029	-0.002667	0.040789	0.277828	0.260757	0.661150
2021-07-29 06:16:21.000000 	34.000000	58.928776	-153.644676	643.661973	-0.035504	-0.015134	-0.000925	0.327208	0.257206	0.591518	-0.161036	-0.033481	-0.002200	0.019095	0.263314	0.247126	0.626664
2021-07-29 06:16:22.000000 	35.000000	58.928776	-153.644676	643.661973	-0.023631	-0.030160	0.001641	0.376939	0.296285	0.681501	-0.188822	-0.028758	0.016534	0.019244	0.303339	0.284680	0.721979
2021-07-29 06:16:23.000000 	36.000000	58.928776	-153.644676	643.661973	-0.015577	-0.018064	-0.028649	0.394312	0.309927	0.712995	-0.214295	-0.033610	0.009271	-0.013196	0.317325	0.297794	0.755329
2021-07-29 06:16:24.000000 	37.000000	58.928776	-153.644676	643.661973	-0.025589	-0.007608	0.013049	0.313507	0.246404	0.566951	-0.150714	-0.015797	-0.004543	0.024754	0.252300	0.236764	0.600602
2021-07-29 06:16:25.000000 	38.000000	58.928776	-153.644676	643.661973	-0.020473	-0.021554	-0.024512	0.360382	0.283235	0.651799	-0.193116	-0.036559	0.010224	-0.006588	0.290029	0.272159	0.690472
2021-07-29 06:16:26.000000 	39.000000	58.928776	-153.644676	643.661973	-0.026940	-0.013126	0.014612	0.325748	0.256004	0.589229	-0.155869	-0.018127	-0.000198	0.027982	0.262161	0.245999	0.624178
2021-07-29 06:16:27.000000 	40.000000	58.928776	-153.644676	643.661973	-0.024064	-0.019085	-0.021012	0.326260	0.256396	0.590226	-0.172677	-0.036570	0.006419	-0.002496	0.262577	0.246381	0.625221
2021-07-29 06:16:28.000000 	41.000000	58.928776	-153.644676	643.661973	-0.030256	-0.015241	0.026410	0.478075	0.375686	0.864971	-0.229142	-0.015387	0.000225	0.040105	0.384765	0.361019	0.916238
2021-07-29 06:16:29.000000 	42.000000	58.928776	-153.644676	643.661973	-0.028705	-0.022419	-0.017048	0.292316	0.229701	0.528945	-0.151502	-0.039354	0.007345	0.003809	0.235266	0.220739	0.560284
2021-07-29 06:16:30.000000 	43.000000	58.928776	-153.644676	643.661973	-0.009711	-0.013044	-0.002875	0.326420	0.256490	0.590726	-0.168883	-0.013897	0.007377	0.005017	0.262718	0.246487	0.625714
2021-07-29 06:16:31.000000 	44.000000	58.928776	-153.644676	643.661973	-0.038916	-0.018911	0.016058	0.368999	0.289934	0.667861	-0.174170	-0.028771	-0.000331	0.036085	0.296993	0.278634	0.707403
2021-07-29 06:16:32.000000 	45.000000	58.928776	-153.644676	643.661973	-0.009991	-0.011566	-0.044553	0.321557	0.252647	0.582063	-0.184859	-0.035060	0.005929	-0.030891	0.258813	0.242805	0.616513
2021-07-29 06:16:33.000000 	46.000000	58.928776	-153.644676	643.661973	-0.032132	-0.017833	0.018735	0.338496	0.265945	0.612799	-0.158969	-0.021773	0.001715	0.034993	0.272451	0.255591	0.649056
2021-07-29 06:16:34.000000 	47.000000	58.928776	-153.644676	643.661973	-0.032419	-0.020958	0.010436	0.384848	0.302350	0.696795	-0.186814	-0.027465	0.004388	0.028733	0.309764	0.290585	0.738007
2021-07-29 06:16:35.000000 	48.000000	58.928776	-153.644676	643.661973	-0.025040	-0.020181	-0.005900	0.346509	0.272218	0.627454	-0.176218	-0.029936	0.006967	0.011150	0.278910	0.261631	0.664551
2021-07-29 06:16:36.000000 	49.000000	58.928776	-153.644676	643.661973	-0.017309	-0.009176	-0.009662	0.302650	0.237752	0.548100	-0.157511	-0.021761	0.000538	0.001832	0.243611	0.228511	0.580494
2021-07-29 06:16:37.000000 	50.000000	58.928776	-153.644676	643.661973	-0.029190	-0.030587	0.002977	0.405915	0.318861	0.735201	-0.201690	-0.032497	0.014449	0.023057	0.326737	0.306474	0.778637
2021-07-29 06:16:38.000000 	51.000000	58.928776	-153.644676	643.661973	-0.022833	-0.012347	-0.009341	0.320146	0.251475	0.579923	-0.164824	-0.027040	0.000927	0.005388	0.257703	0.241711	0.614173
2021-07-29 06:16:39.000000 	52.000000	58.928776	-153.644676	643.661973	-0.022937	-0.014019	0.004402	0.374862	0.294443	0.679118	-0.187191	-0.020663	0.002379	0.017590	0.301751	0.283017	0.719212
2021-07-29 06:16:40.000000 	53.000000	58.928776	-153.644676	643.661973	-0.019629	-0.017462	-0.010809	0.337167	0.264824	0.610901	-0.175135	-0.027283	0.006933	0.003820	0.271413	0.254553	0.646955
2021-07-29 06:16:41.000000 	54.000000	58.928776	-153.644676	643.661973	-0.033429	-0.022034	-0.006715	0.332681	0.261290	0.602846	-0.166695	-0.037501	0.004904	0.014756	0.267807	0.251161	0.638412
2021-07-29 06:16:42.000000 	55.000000	58.928776	-153.644676	643.661973	-0.037993	-0.015106	0.023371	0.387079	0.304002	0.701503	-0.180617	-0.022841	-0.003331	0.041049	0.311602	0.292224	0.742874
2021-07-29 06:16:43.000000 	56.000000	58.928776	-153.644676	643.661973	-0.011680	-0.016454	-0.010169	0.324543	0.254877	0.588238	-0.170465	-0.020469	0.009559	0.000462	0.261264	0.245008	0.622917
2021-07-29 06:16:44.000000 	57.000000	58.928776	-153.644676	643.661973	-0.033868	-0.019118	0.006591	0.376091	0.295347	0.681750	-0.183507	-0.029862	0.002095	0.025688	0.302767	0.283917	0.721928
2021-07-29 06:16:45.000000 	58.000000	58.928776	-153.644676	643.661973	-0.019258	-0.022430	-0.014925	0.402801	0.316310	0.730256	-0.211199	-0.031012	0.011549	0.001262	0.324275	0.304076	0.773277
2021-07-29 06:16:46.000000 	59.000000	58.928776	-153.644676	643.661973	-0.024883	-0.017428	-0.006599	0.313361	0.246064	0.568173	-0.159215	-0.029130	0.004570	0.009848	0.252275	0.236552	0.601633
2021-07-29 06:16:47.000000 	60.000000	58.928776	-153.644676	643.661973	-0.019258	-0.015030	-0.003001	0.381927	0.299893	0.692577	-0.195156	-0.022045	0.004919	0.009779	0.307481	0.288307	0.733349
2021-07-29 06:16:48.000000 	61.000000	58.928776	-153.644676	643.661973	-0.040654	-0.027285	0.004409	0.336730	0.264393	0.610691	-0.161392	-0.039301	0.006401	0.028829	0.271099	0.254184	0.646630
2021-07-29 06:16:49.000000 	62.000000	58.928776	-153.644676	643.661973	-0.027221	-0.020067	0.002111	0.333981	0.262224	0.605777	-0.165316	-0.027433	0.005897	0.018995	0.268890	0.252104	0.641414
2021-07-29 06:16:50.000000 	63.000000	58.928776	-153.644676	643.661973	-0.017411	-0.006947	-0.005710	0.369905	0.290417	0.671015	-0.190799	-0.018951	-0.001504	0.004753	0.297818	0.279216	0.710476
2021-07-29 06:16:51.000000 	64.000000	58.928776	-153.644676	643.661973	-0.014448	-0.026994	-0.007486	0.341339	0.267978	0.619269	-0.176721	-0.025217	0.017775	0.006454	0.274823	0.257648	0.655673
2021-07-29 06:16:52.000000 	65.000000	58.928776	-153.644676	643.661973	-0.041495	-0.010150	0.003872	0.304922	0.239378	0.553266	-0.145162	-0.033708	-0.009326	0.024832	0.245507	0.230156	0.585779
2021-07-29 06:16:53.000000 	66.000000	58.928776	-153.644676	643.661973	-0.030989	-0.024048	0.012842	0.405609	0.318410	0.736045	-0.196684	-0.026301	0.007791	0.030841	0.326581	0.306149	0.779284
2021-07-29 06:16:54.000000 	67.000000	58.928776	-153.644676	643.661973	-0.014010	-0.021446	-0.016526	0.357264	0.280446	0.648391	-0.189506	-0.027437	0.012997	-0.002762	0.287660	0.269653	0.686467
2021-07-29 06:16:55.000000 	68.000000	58.928776	-153.644676	643.661973	-0.019280	-0.006236	-0.009381	0.328398	0.257777	0.596075	-0.170204	-0.022010	-0.002972	0.002310	0.264423	0.247862	0.631066
2021-07-29 06:16:56.000000 	69.000000	58.928776	-153.644676	643.661973	-0.023696	-0.014297	-0.021002	0.305185	0.239545	0.554005	-0.161657	-0.034462	0.002292	-0.003754	0.245736	0.230337	0.586515
2021-07-29 06:16:57.000000 	70.000000	58.928776	-153.644676	643.661973	-0.031300	-0.025653	0.019604	0.406552	0.319097	0.738106	-0.193891	-0.023660	0.009092	0.037143	0.327363	0.306837	0.781403
2021-07-29 06:16:58.000000 	71.000000	58.928776	-153.644676	643.661973	-0.031496	-0.019376	-0.016774	0.304375	0.238890	0.552667	-0.156769	-0.040198	0.003380	0.004638	0.245093	0.229717	0.585075
2021-07-29 06:16:59.000000 	72.000000	58.928776	-153.644676	643.661973	-0.015692	-0.018279	-0.007365	0.352826	0.276906	0.640717	-0.182681	-0.022795	0.009413	0.005137	0.284112	0.266279	0.678275
2021-07-29 06:17:00.000000 	73.000000	58.928776	-153.644676	643.661973	-0.027027	-0.016346	0.007867	0.347544	0.272749	0.631200	-0.169918	-0.022899	0.002649	0.022982	0.279864	0.262288	0.668186
2021-07-29 06:17:01.000000 	74.000000	58.928776	-153.644676	643.661973	-0.028410	-0.012148	0.016079	0.323270	0.253689	0.587185	-0.153223	-0.018125	-0.001727	0.029693	0.260322	0.243964	0.621580
2021-07-29 06:17:02.000000 	75.000000	58.928776	-153.644676	643.661973	-0.029597	-0.026484	-0.011197	0.365716	0.286987	0.664361	-0.186800	-0.038565	0.010592	0.010164	0.294508	0.275992	0.703263
2021-07-29 06:17:03.000000 	76.000000	58.928776	-153.644676	643.661973	-0.030772	-0.015344	0.002944	0.312831	0.245476	0.568357	-0.152872	-0.027932	0.000088	0.020268	0.251925	0.236077	0.601625
2021-07-29 06:17:04.000000 	77.000000	58.928776	-153.644676	643.661973	-0.006608	-0.020449	-0.021877	0.386050	0.302918	0.701466	-0.208913	-0.024138	0.015390	-0.010997	0.310894	0.291326	0.742511
2021-07-29 06:17:05.000000 	78.000000	58.928776	-153.644676	643.661973	-0.011118	-0.013542	-0.020569	0.352307	0.276430	0.640229	-0.189735	-0.024298	0.007199	-0.009374	0.283725	0.265857	0.677678
2021-07-29 06:17:06.000000 	79.000000	58.928776	-153.644676	643.661973	-0.047294	-0.020774	0.030876	0.367113	0.288035	0.667214	-0.163578	-0.028262	-0.002381	0.053077	0.295654	0.277025	0.706227
2021-07-29 06:17:07.000000 	80.000000	58.928776	-153.644676	643.661973	-0.038692	-0.023941	0.006670	0.324392	0.254506	0.589640	-0.154503	-0.035357	0.004276	0.029092	0.261254	0.244783	0.624105
2021-07-29 06:17:08.000000 	81.000000	58.928776	-153.644676	643.661973	-0.005900	-0.017162	-0.037708	0.331599	0.260151	0.602813	-0.187830	-0.030515	0.012759	-0.025638	0.267063	0.250217	0.638035
2021-07-29 06:17:09.000000 	82.000000	58.928776	-153.644676	643.661973	-0.037967	-0.013553	0.014028	0.331305	0.259909	0.602349	-0.155423	-0.027053	-0.004711	0.032678	0.266831	0.249991	0.637531
2021-07-29 06:17:10.000000 	83.000000	58.928776	-153.644676	643.661973	-0.012565	-0.018967	-0.012843	0.357371	0.280346	0.649817	-0.188263	-0.023483	0.011417	-0.000844	0.287830	0.269654	0.687757
2021-07-29 06:17:11.000000 	84.000000	58.928776	-153.644676	643.661973	-0.016271	-0.008705	-0.004223	0.370298	0.290475	0.673402	-0.190416	-0.017977	0.000577	0.005902	0.298247	0.279403	0.712705
2021-07-29 06:17:12.000000 	85.000000	58.928776	-153.644676	643.661973	-0.034715	-0.033741	-0.000369	0.269666	0.211527	0.490456	-0.129415	-0.039664	0.014823	0.023469	0.217199	0.203469	0.519072
2021-07-29 06:17:13.000000 	86.000000	58.928776	-153.644676	643.661973	-0.024042	-0.004017	-0.001667	0.434566	0.340862	0.790463	-0.220696	-0.020841	-0.007074	0.010611	0.350023	0.327883	0.836566
2021-07-29 06:17:14.000000 	87.000000	58.928776	-153.644676	643.661973	-0.026434	-0.020526	0.002024	0.303334	0.237917	0.551821	-0.149314	-0.027049	0.006657	0.018661	0.244326	0.228864	0.583993
2021-07-29 06:17:15.000000 	88.000000	58.928776	-153.644676	643.661973	-0.018478	-0.024188	-0.002186	0.400066	0.313776	0.727881	-0.203851	-0.024508	0.013471	0.012215	0.322247	0.301842	0.770303
2021-07-29 06:17:16.000000 	89.000000	58.928776	-153.644676	643.661973	-0.029811	-0.019428	-0.017653	0.340052	0.266695	0.618764	-0.176287	-0.039378	0.004175	0.003118	0.273912	0.256558	0.654813
2021-07-29 06:17:17.000000 	90.000000	58.928776	-153.644676	643.661973	-0.019068	-0.008644	-0.001352	0.318411	0.249712	0.579454	-0.161213	-0.018619	-0.000720	0.009641	0.256485	0.240226	0.613201
2021-07-29 06:17:18.000000 	91.000000	58.928776	-153.644676	643.661973	-0.034905	-0.015514	-0.006278	0.291646	0.228713	0.530810	-0.144412	-0.035929	-0.001594	0.014319	0.234930	0.220030	0.561713
2021-07-29 06:17:19.000000 	92.000000	58.928776	-153.644676	643.661973	-0.020898	-0.028218	-0.002632	0.415945	0.326177	0.757130	-0.211465	-0.028127	0.016007	0.013875	0.335063	0.313800	0.801193
2021-07-29 06:17:20.000000 	93.000000	58.928776	-153.644676	643.661973	-0.029220	-0.020501	0.005267	0.391552	0.307036	0.712812	-0.193144	-0.027503	0.005399	0.022722	0.315419	0.295392	0.754281
2021-07-29 06:17:21.000000 	94.000000	58.928776	-153.644676	643.661973	-0.023557	-0.005773	-0.009258	0.301714	0.236579	0.549328	-0.154743	-0.025053	-0.005285	0.004287	0.243053	0.227612	0.581274
2021-07-29 06:17:22.000000 	95.000000	58.928776	-153.644676	643.661973	-0.028666	-0.017091	0.013185	0.389731	0.305583	0.709665	-0.188854	-0.021695	0.002589	0.028466	0.313965	0.294008	0.750921
2021-07-29 06:17:23.000000 	96.000000	58.928776	-153.644676	643.661973	-0.013302	-0.017328	-0.023444	0.318505	0.249726	0.580038	-0.172466	-0.028897	0.009622	-0.009959	0.256590	0.240271	0.613745
2021-07-29 06:17:24.000000 	97.000000	58.928776	-153.644676	643.661973	-0.026655	-0.022526	-0.000507	0.360521	0.282657	0.656631	-0.180144	-0.029285	0.008352	0.017053	0.290444	0.271962	0.694776
2021-07-29 06:17:25.000000 	98.000000	58.928776	-153.644676	643.661973	-0.036597	-0.022184	-0.011495	0.300406	0.235516	0.547205	-0.150443	-0.042456	0.003631	0.012162	0.242018	0.226609	0.578982
2021-07-29 06:17:26.000000 	99.000000	58.928776	-153.644676	643.661973	-0.016805	-0.019698	-0.006252	0.348653	0.273330	0.635166	-0.179405	-0.023614	0.010190	0.006930	0.280894	0.263000	0.672037
2021-07-29 06:17:27.000000 	100.000000	58.928776	-153.644676	643.661973	-0.031975	-0.018923	0.011676	0.343704	0.269440	0.626224	-0.164436	-0.025710	0.002761	0.029124	0.276912	0.259262	0.662563
2021-07-29 06:17:28.000000 	101.000000	58.928776	-153.644676	643.661973	-0.023971	-0.011730	0.005363	0.365520	0.286530	0.666051	-0.181203	-0.020090	-0.000131	0.018366	0.294494	0.275713	0.704687
2021-07-29 06:17:29.000000 	102.000000	58.928776	-153.644676	643.661973	-0.013715	-0.013454	-0.038477	0.402998	0.315896	0.734428	-0.223237	-0.035500	0.005966	-0.023531	0.324696	0.303977	0.777015
2021-07-29 06:17:30.000000 	103.000000	58.928776	-153.644676	643.661973	-0.036132	-0.024067	0.026596	0.304204	0.238445	0.554451	-0.135522	-0.023156	0.005526	0.045004	0.245102	0.229454	0.586590
2021-07-29 06:17:31.000000 	104.000000	58.928776	-153.644676	643.661973	-0.018188	-0.012579	-0.009039	0.461366	0.361620	0.840998	-0.239265	-0.023407	0.003198	0.003551	0.371738	0.347991	0.889729
2021-07-29 06:17:32.000000 	105.000000	58.928776	-153.644676	643.661973	-0.024450	-0.021575	-0.014085	0.251294	0.196957	0.458125	-0.129564	-0.034239	0.008478	0.004186	0.202480	0.189539	0.484661
2021-07-29 06:17:33.000000 	106.000000	58.928776	-153.644676	643.661973	-0.027511	-0.020718	-0.007786	0.338989	0.265679	0.618069	-0.171886	-0.033011	0.006351	0.010801	0.273145	0.255678	0.653857
2021-07-29 06:17:34.000000 	107.000000	58.928776	-153.644676	643.661973	-0.018341	-0.012809	0.012659	0.388280	0.304298	0.708024	-0.191178	-0.012414	0.003335	0.022259	0.312868	0.292850	0.749005
2021-07-29 06:17:35.000000 	108.000000	58.928776	-153.644676	643.661973	-0.032728	-0.031237	-0.005960	0.305910	0.239734	0.557889	-0.151607	-0.040072	0.013461	0.017187	0.246501	0.230720	0.590168
2021-07-29 06:17:36.000000 	109.000000	58.928776	-153.644676	643.661973	-0.009678	-0.012552	0.000134	0.344129	0.269675	0.627663	-0.176224	-0.012132	0.006951	0.007466	0.277304	0.259541	0.663967
2021-07-29 06:17:37.000000 	110.000000	58.928776	-153.644676	643.661973	-0.029476	-0.023538	-0.018089	0.383178	0.300264	0.698969	-0.198847	-0.040909	0.008006	0.003531	0.308776	0.288987	0.739381
2021-07-29 06:17:38.000000 	111.000000	58.928776	-153.644676	643.661973	-0.034746	-0.019983	0.013151	0.302031	0.236666	0.551011	-0.141010	-0.027479	0.002481	0.031912	0.243391	0.227783	0.582857
2021-07-29 06:17:39.000000 	112.000000	58.928776	-153.644676	643.661973	-0.015826	-0.025160	-0.001352	0.408196	0.319842	0.744780	-0.208144	-0.022412	0.015519	0.011926	0.328949	0.307844	0.787810
2021-07-29 06:17:40.000000 	113.000000	58.928776	-153.644676	643.661973	-0.026353	-0.017808	-0.004588	0.290736	0.227797	0.530528	-0.145617	-0.029365	0.004258	0.012338	0.234297	0.219257	0.561169
2021-07-29 06:17:41.000000 	114.000000	58.928776	-153.644676	643.661973	-0.018405	-0.012204	-0.005397	0.293594	0.230028	0.535807	-0.149997	-0.021552	0.002765	0.006685	0.236606	0.221408	0.566741
2021-07-29 06:17:42.000000 	115.000000	58.928776	-153.644676	643.661973	-0.028230	-0.019260	-0.001842	0.424906	0.332895	0.775542	-0.213880	-0.029940	0.004726	0.015890	0.342436	0.320429	0.820300
2021-07-29 06:17:43.000000 	116.000000	58.928776	-153.644676	643.661973	-0.022821	-0.024026	0.006110	0.362716	0.284161	0.662111	-0.179135	-0.023498	0.011397	0.021292	0.292323	0.273526	0.700309
2021-07-29 06:17:44.000000 	117.000000	58.928776	-153.644676	643.661973	-0.030113	-0.013853	-0.004274	0.324894	0.254520	0.593139	-0.162322	-0.030585	-0.000955	0.013439	0.261846	0.245000	0.627346
2021-07-29 06:17:45.000000 	118.000000	58.928776	-153.644676	643.661973	-0.021896	-0.021246	-0.011667	0.342845	0.268572	0.625984	-0.177153	-0.030905	0.009317	0.005000	0.276319	0.258532	0.662071
2021-07-29 06:17:46.000000 	119.000000	58.928776	-153.644676	643.661973	-0.013657	-0.018920	-0.011374	0.308321	0.241518	0.563015	-0.161412	-0.023546	0.010891	0.000909	0.248499	0.232494	0.595460
2021-07-29 06:17:47.000000 	120.000000	58.928776	-153.644676	643.661973	-0.039947	-0.014190	0.037662	0.397136	0.311077	0.725283	-0.178150	-0.016617	-0.005019	0.053983	0.320089	0.299462	0.767064
2021-07-29 06:17:48.000000 	121.000000	58.928776	-153.644676	643.661973	-0.027829	-0.013846	-0.002984	0.349584	0.273818	0.638514	-0.175304	-0.028164	0.000053	0.013486	0.281768	0.263600	0.675283
2021-07-29 06:17:49.000000 	122.000000	58.928776	-153.644676	643.661973	-0.013321	-0.018578	-0.029934	0.329888	0.258381	0.602612	-0.181038	-0.032737	0.010734	-0.015222	0.265899	0.248745	0.637301
2021-07-29 06:17:50.000000 	123.000000	58.928776	-153.644676	643.661973	-0.029432	-0.022969	-0.003119	0.362348	0.283794	0.661985	-0.181222	-0.032932	0.007516	0.016203	0.292068	0.273216	0.700078
2021-07-29 06:17:51.000000 	124.000000	58.928776	-153.644676	643.661973	-0.022892	-0.017388	-0.013824	0.309715	0.242562	0.565895	-0.160612	-0.031316	0.005418	0.002730	0.249649	0.233526	0.598446
2021-07-29 06:17:52.000000 	125.000000	58.928776	-153.644676	643.661973	-0.031055	-0.028622	0.007265	0.388863	0.304536	0.710592	-0.189659	-0.030968	0.011860	0.027142	0.313453	0.293198	0.751451
2021-07-29 06:17:53.000000 	126.000000	58.928776	-153.644676	643.661973	-0.021390	-0.007964	-0.004928	0.400928	0.313973	0.732725	-0.204909	-0.021988	-0.002360	0.007496	0.323185	0.302290	0.774842
2021-07-29 06:17:54.000000 	127.000000	58.928776	-153.644676	643.661973	-0.034295	-0.014161	0.004064	0.335558	0.262770	0.613329	-0.162835	-0.029608	-0.002535	0.022586	0.270497	0.252998	0.648570
2021-07-29 06:17:55.000000 	128.000000	58.928776	-153.644676	643.661973	-0.027372	-0.022347	-0.020747	0.344770	0.269973	0.630242	-0.180431	-0.040213	0.007873	0.000008	0.277929	0.259940	0.666441
2021-07-29 06:17:56.000000 	129.000000	58.928776	-153.644676	643.661973	-0.022086	-0.017266	-0.001214	0.333024	0.260765	0.608841	-0.167351	-0.024142	0.005666	0.013130	0.268465	0.251079	0.643798
2021-07-29 06:17:57.000000 	130.000000	58.928776	-153.644676	643.661973	-0.024568	-0.012281	0.000351	0.388446	0.304150	0.710247	-0.194984	-0.023345	0.000098	0.014476	0.313150	0.292859	0.751012
2021-07-29 06:17:58.000000 	131.000000	58.928776	-153.644676	643.661973	-0.034101	-0.028301	-0.010434	0.333563	0.261166	0.609969	-0.167670	-0.042319	0.010221	0.013318	0.268911	0.251477	0.644965
2021-07-29 06:17:59.000000 	132.000000	58.928776	-153.644676	643.661973	-0.017232	-0.007776	-0.002437	0.339512	0.265814	0.620921	-0.172911	-0.017440	-0.000682	0.007664	0.273713	0.255958	0.656533
2021-07-29 06:18:00.000000 	133.000000	58.928776	-153.644676	643.661973	-0.041236	-0.013707	0.000805	0.345493	0.270486	0.631934	-0.167282	-0.036445	-0.006024	0.022900	0.278541	0.260463	0.668164
2021-07-29 06:18:01.000000 	134.000000	58.928776	-153.644676	643.661973	-0.030787	-0.036937	-0.012974	0.368875	0.288780	0.674780	-0.187803	-0.044370	0.019431	0.011588	0.297398	0.278085	0.713452
2021-07-29 06:18:02.000000 	135.000000	58.928776	-153.644676	643.661973	-0.014704	-0.030937	-0.017545	0.310232	0.242861	0.567572	-0.164113	-0.032104	0.021193	-0.001140	0.250124	0.233872	0.600088
2021-07-29 06:18:03.000000 	136.000000	58.928776	-153.644676	643.661973	-0.022086	-0.026897	-0.003998	0.370148	0.289754	0.677268	-0.187496	-0.029242	0.014296	0.012952	0.298437	0.279035	0.716054
2021-07-29 06:18:04.000000 	137.000000	58.928776	-153.644676	643.661973	-0.030701	-0.014920	-0.003524	0.280676	0.219706	0.513619	-0.138485	-0.031055	-0.000260	0.014597	0.226304	0.211584	0.543022
2021-07-29 06:18:05.000000 	138.000000	58.928776	-153.644676	643.661973	-0.022171	-0.027714	-0.026243	0.406634	0.318290	0.744201	-0.216428	-0.041098	0.014990	-0.005875	0.327868	0.306530	0.786789
2021-07-29 06:18:06.000000 	139.000000	58.928776	-153.644676	643.661973	-0.039646	-0.003845	0.027746	0.311438	0.243767	0.570045	-0.138058	-0.017570	-0.014155	0.042981	0.251117	0.234765	0.602654
2021-07-29 06:18:07.000000 	140.000000	58.928776	-153.644676	643.661973	-0.019459	-0.033642	-0.014893	0.414209	0.324194	0.758243	-0.215750	-0.035413	0.021506	0.003951	0.333991	0.312230	0.801602
2021-07-29 06:18:08.000000 	141.000000	58.928776	-153.644676	643.661973	-0.018319	-0.026948	-0.011170	0.342536	0.268087	0.627113	-0.177324	-0.030071	0.016014	0.005079	0.276204	0.258199	0.662961
2021-07-29 06:18:09.000000 	142.000000	58.928776	-153.644676	643.661973	-0.036084	-0.024657	-0.010646	0.347827	0.272217	0.636875	-0.174713	-0.042564	0.006075	0.013218	0.280477	0.262183	0.673267
2021-07-29 06:18:10.000000 	143.000000	58.928776	-153.644676	643.661973	-0.006782	-0.021778	-0.007312	0.321152	0.251330	0.588101	-0.167773	-0.017260	0.016504	0.001863	0.258972	0.242071	0.621693
2021-07-29 06:18:11.000000 	144.000000	58.928776	-153.644676	643.661973	-0.025478	-0.023258	-0.020586	0.359654	0.281451	0.658685	-0.188550	-0.039022	0.009530	-0.000521	0.290027	0.271089	0.696295
2021-07-29 06:18:12.000000 	145.000000	58.928776	-153.644676	643.661973	-0.015669	-0.021260	0.003771	0.296279	0.231847	0.542681	-0.147406	-0.018163	0.012095	0.015347	0.238926	0.223316	0.573656
2021-07-29 06:18:13.000000 	146.000000	58.928776	-153.644676	643.661973	-0.015515	-0.031409	-0.017672	0.371418	0.290634	0.680389	-0.195816	-0.032971	0.021257	-0.000765	0.299526	0.279946	0.719210
2021-07-29 06:18:14.000000 	147.000000	58.928776	-153.644676	643.661973	-0.013929	-0.026529	-0.010345	0.328219	0.256821	0.601324	-0.170664	-0.026117	0.017588	0.003659	0.264694	0.247382	0.635621
2021-07-29 06:18:15.000000 	148.000000	58.928776	-153.644676	643.661973	-0.027832	-0.011772	0.013405	0.373458	0.292208	0.684287	-0.180176	-0.018919	-0.001807	0.027050	0.301185	0.281475	0.723301
2021-07-29 06:18:16.000000 	149.000000	58.928776	-153.644676	643.661973	-0.022717	-0.006951	-0.002813	0.368156	0.288049	0.674651	-0.186326	-0.021529	-0.003856	0.009689	0.296916	0.277474	0.713102
2021-07-29 06:18:17.000000 	150.000000	58.928776	-153.644676	643.661973	-0.015509	-0.003858	0.010613	0.352675	0.275925	0.646356	-0.174191	-0.007893	-0.003428	0.017146	0.284436	0.265802	0.683181
2021-07-29 06:18:18.000000 	151.000000	58.928776	-153.644676	643.661973	-0.025973	-0.021369	-0.001116	0.362286	0.283433	0.664049	-0.181120	-0.028636	0.007617	0.015952	0.292194	0.273041	0.701867
2021-07-29 06:18:19.000000 	152.000000	58.928776	-153.644676	643.661973	-0.028154	-0.017753	0.015394	0.347037	0.271493	0.636172	-0.165192	-0.020414	0.003409	0.030273	0.279901	0.261544	0.672390
2021-07-29 06:18:20.000000 	153.000000	58.928776	-153.644676	643.661973	-0.003472	-0.009880	-0.024617	0.383390	0.299921	0.702895	-0.209294	-0.019126	0.007311	-0.017215	0.309229	0.288937	0.742896
2021-07-29 06:18:21.000000 	154.000000	58.928776	-153.644676	643.661973	-0.036819	-0.019757	-0.005222	0.309687	0.242254	0.567837	-0.152213	-0.038466	0.001358	0.017081	0.249788	0.233388	0.600140
2021-07-29 06:18:22.000000 	155.000000	58.928776	-153.644676	643.661973	-0.013729	-0.015554	-0.008739	0.316015	0.247195	0.579507	-0.164093	-0.020962	0.007842	0.002428	0.254898	0.238153	0.612462
2021-07-29 06:18:23.000000 	156.000000	58.928776	-153.644676	643.661973	-0.026802	-0.012521	0.014465	0.390566	0.305499	0.716303	-0.188793	-0.017865	-0.000679	0.027653	0.315038	0.294331	0.757021
2021-07-29 06:18:24.000000 	157.000000	58.928776	-153.644676	643.661973	-0.029166	-0.003367	0.015250	0.324178	0.253561	0.594616	-0.153381	-0.015795	-0.009931	0.027321	0.261494	0.244297	0.628405
2021-07-29 06:18:25.000000 	158.000000	58.928776	-153.644676	643.661973	-0.015374	-0.021595	0.008662	0.384270	0.300551	0.704922	-0.190926	-0.015540	0.012526	0.019477	0.309974	0.289577	0.744964
2021-07-29 06:18:26.000000 	159.000000	58.928776	-153.644676	643.661973	-0.045925	-0.006916	0.017574	0.412907	0.322937	0.757543	-0.193515	-0.028807	-0.014190	0.037876	0.333082	0.311152	0.800558
2021-07-29 06:18:27.000000 	160.000000	58.928776	-153.644676	643.661973	-0.016061	0.001020	-0.028132	0.322348	0.252100	0.591467	-0.175683	-0.026458	-0.008044	-0.016901	0.260036	0.242906	0.625039
2021-07-29 06:18:28.000000 	161.000000	58.928776	-153.644676	643.661973	-0.029958	-0.017697	0.007726	0.349509	0.273331	0.641378	-0.169378	-0.025734	0.002559	0.024526	0.281952	0.263369	0.677770
2021-07-29 06:18:29.000000 	162.000000	58.928776	-153.644676	643.661973	-0.029093	-0.040499	-0.016382	0.355635	0.278112	0.652697	-0.182397	-0.046183	0.023374	0.008702	0.286901	0.267981	0.689717
2021-07-29 06:18:30.000000 	163.000000	58.928776	-153.644676	643.661973	-0.022166	-0.029607	-0.023264	0.311755	0.243787	0.572231	-0.165181	-0.040276	0.016689	-0.002892	0.251508	0.234912	0.604674
2021-07-29 06:18:31.000000 	164.000000	58.928776	-153.644676	643.661973	-0.028765	-0.004046	0.022761	0.365181	0.285555	0.670374	-0.171342	-0.011868	-0.009144	0.033725	0.294616	0.275166	0.708368
2021-07-29 06:18:32.000000 	165.000000	58.928776	-153.644676	643.661973	-0.033226	-0.008094	0.005910	0.379199	0.296505	0.696188	-0.184929	-0.025528	-0.007497	0.022282	0.305932	0.285724	0.735630
2021-07-29 06:18:33.000000 	166.000000	58.928776	-153.644676	643.661973	-0.033586	-0.021026	-0.019233	0.337746	0.264082	0.620155	-0.173920	-0.043698	0.003930	0.003876	0.272495	0.254485	0.655277
2021-07-29 06:18:34.000000 	167.000000	58.928776	-153.644676	643.661973	-0.033050	-0.009757	0.014817	0.377459	0.295121	0.693155	-0.180002	-0.021429	-0.005930	0.030211	0.304542	0.284404	0.732396
2021-07-29 06:18:35.000000 	168.000000	58.928776	-153.644676	643.661973	-0.009958	-0.015223	-0.028358	0.362197	0.283178	0.665207	-0.197906	-0.028067	0.009220	-0.016197	0.292236	0.272900	0.702852
2021-07-29 06:18:36.000000 	169.000000	58.928776	-153.644676	643.661973	-0.036101	-0.012460	-0.004446	0.311358	0.243421	0.571903	-0.153096	-0.034740	-0.004862	0.015742	0.251223	0.234592	0.604256
2021-07-29 06:18:37.000000 	170.000000	58.928776	-153.644676	643.661973	-0.016376	0.000715	-0.004151	0.388322	0.303580	0.713354	-0.199133	-0.014439	-0.007910	0.003854	0.313329	0.292575	0.753694
2021-07-29 06:18:38.000000 	171.000000	58.928776	-153.644676	643.661973	-0.012720	-0.023147	0.005303	0.322066	0.251773	0.591710	-0.160626	-0.015827	0.015094	0.015728	0.259875	0.242652	0.625157
2021-07-29 06:18:39.000000 	172.000000	58.928776	-153.644676	643.661973	-0.022168	-0.002147	-0.005056	0.391702	0.306199	0.719731	-0.199622	-0.020439	-0.007917	0.006413	0.316071	0.295112	0.760400
2021-07-29 06:18:40.000000 	173.000000	58.928776	-153.644676	643.661973	-0.021280	-0.025151	-0.016279	0.331031	0.258762	0.608323	-0.172610	-0.034298	0.013089	0.001660	0.267121	0.249399	0.642684
2021-07-29 06:18:41.000000 	174.000000	58.928776	-153.644676	643.661973	-0.032825	-0.004839	0.003672	0.376684	0.294436	0.692296	-0.184716	-0.025138	-0.010236	0.019434	0.303967	0.283789	0.731386
2021-07-29 06:18:42.000000 	175.000000	58.928776	-153.644676	643.661973	-0.018074	-0.021570	0.004027	0.365753	0.285881	0.672285	-0.182571	-0.019995	0.011304	0.016750	0.295153	0.275549	0.710231
2021-07-29 06:18:43.000000 	176.000000	58.928776	-153.644676	643.661973	-0.025655	-0.022904	-0.001260	0.361021	0.282172	0.663665	-0.180345	-0.029050	0.009134	0.016033	0.291341	0.271980	0.701110
2021-07-29 06:18:44.000000 	177.000000	58.928776	-153.644676	643.661973	-0.029655	-0.023777	0.004923	0.322923	0.252385	0.593698	-0.156489	-0.029261	0.008141	0.023378	0.260603	0.243275	0.627183
2021-07-29 06:18:45.000000 	178.000000	58.928776	-153.644676	643.661973	-0.031242	-0.042753	-0.002251	0.342902	0.267990	0.630504	-0.168506	-0.041397	0.024440	0.022316	0.276733	0.258322	0.666051
2021-07-29 06:18:46.000000 	179.000000	58.928776	-153.644676	643.661973	-0.034127	-0.038088	0.003051	0.355517	0.277839	0.653776	-0.172221	-0.039100	0.018979	0.027122	0.286921	0.267821	0.690622
2021-07-29 06:18:47.000000 	180.000000	58.928776	-153.644676	643.661973	-0.017562	-0.029238	-0.030687	0.414809	0.324163	0.762899	-0.223528	-0.040434	0.018402	-0.011464	0.334780	0.312483	0.805878
2021-07-29 06:18:48.000000 	181.000000	58.928776	-153.644676	643.661973	-0.022160	-0.006222	0.012233	0.309015	0.241479	0.568394	-0.148656	-0.013060	-0.004263	0.022151	0.249403	0.232783	0.600404
2021-07-29 06:18:49.000000 	182.000000	58.928776	-153.644676	643.661973	-0.029143	-0.024965	-0.023846	0.376249	0.294007	0.692143	-0.197171	-0.044167	0.009432	-0.001227	0.303674	0.283426	0.731106
2021-07-29 06:18:50.000000 	183.000000	58.928776	-153.644676	643.661973	-0.019461	-0.011014	-0.007577	0.274816	0.214738	0.505606	-0.140462	-0.023035	0.001230	0.005033	0.221812	0.207014	0.534058
2021-07-29 06:18:51.000000 	184.000000	58.928776	-153.644676	643.661973	-0.016357	-0.009388	-0.008071	0.381969	0.298454	0.702829	-0.197325	-0.020290	0.001151	0.002802	0.308306	0.287726	0.742364
2021-07-29 06:18:52.000000 	185.000000	58.928776	-153.644676	643.661973	-0.052032	-0.006033	0.009476	0.328181	0.256417	0.603928	-0.150563	-0.037338	-0.017693	0.033562	0.264897	0.247206	0.637887
2021-07-29 06:18:53.000000 	186.000000	58.928776	-153.644676	643.661973	-0.018470	-0.034611	-0.011785	0.419120	0.327458	0.771367	-0.216689	-0.033419	0.022814	0.006378	0.338309	0.315702	0.814725
2021-07-29 06:18:54.000000 	187.000000	58.928776	-153.644676	643.661973	-0.025953	-0.019449	-0.013661	0.296387	0.231558	0.545547	-0.152134	-0.034365	0.005906	0.004757	0.239246	0.223250	0.576201
2021-07-29 06:18:55.000000 	188.000000	58.928776	-153.644676	643.661973	-0.020697	-0.009149	0.006172	0.397208	0.310315	0.731209	-0.197528	-0.016179	-0.000990	0.016954	0.320637	0.299188	0.772279
2021-07-29 06:18:56.000000 	189.000000	58.928776	-153.644676	643.661973	-0.020335	-0.007352	-0.006773	0.326482	0.255051	0.601081	-0.166786	-0.021898	-0.002440	0.005287	0.263552	0.245911	0.634830
2021-07-29 06:18:57.000000 	190.000000	58.928776	-153.644676	643.661973	-0.015094	-0.010238	-0.013691	0.377190	0.294654	0.694520	-0.197662	-0.022543	0.002473	-0.002401	0.304493	0.284101	0.733500
2021-07-29 06:18:58.000000 	191.000000	58.928776	-153.644676	643.661973	-0.031990	-0.006243	0.025138	0.320089	0.250038	0.589449	-0.145623	-0.013953	-0.008607	0.037756	0.258404	0.241089	0.622519
2021-07-29 06:18:59.000000 	192.000000	58.928776	-153.644676	643.661973	-0.004482	0.017714	-0.016245	0.356867	0.278756	0.657251	-0.191329	-0.005089	-0.017863	-0.015900	0.288101	0.268785	0.694111
2021-07-29 06:19:00.000000 	193.000000	58.928776	-153.644676	643.661973	-0.018588	-0.039491	0.001151	0.362305	0.282993	0.667344	-0.180761	-0.028688	0.027134	0.018630	0.292498	0.272877	0.704756
2021-07-29 06:19:01.000000 	194.000000	58.928776	-153.644676	643.661973	-0.017248	-0.033905	0.012459	0.356077	0.278119	0.655949	-0.173027	-0.019700	0.022724	0.026416	0.287478	0.268183	0.692709
2021-07-29 06:19:02.000000 	195.000000	58.928776	-153.644676	643.661973	-0.030482	-0.015796	-0.008760	0.336865	0.263103	0.620629	-0.169797	-0.033923	0.000622	0.010213	0.271973	0.253709	0.655396
2021-07-29 06:19:03.000000 	196.000000	58.928776	-153.644676	643.661973	-0.035014	-0.026361	0.018633	0.307836	0.240422	0.567214	-0.140574	-0.027280	0.008077	0.038192	0.248543	0.231843	0.598976
2021-07-29 06:19:04.000000 	197.000000	58.928776	-153.644676	643.661973	-0.033880	-0.026596	-0.012434	0.429965	0.335792	0.792338	-0.218542	-0.042533	0.008791	0.011112	0.347156	0.323818	0.836690
2021-07-29 06:19:05.000000 	198.000000	58.928776	-153.644676	643.661973	-0.031315	-0.024066	0.019950	0.329314	0.257176	0.606929	-0.152352	-0.022889	0.007662	0.037083	0.265897	0.248011	0.640889
2021-07-29 06:19:06.000000 	199.000000	58.928776	-153.644676	643.661973	-0.021483	-0.019374	-0.036086	0.366816	0.286453	0.676125	-0.200000	-0.042479	0.007823	-0.016534	0.296185	0.276251	0.713943
2021-07-29 06:19:07.000000 	200.000000	58.928776	-153.644676	643.661973	-0.043030	-0.031951	0.006395	0.311412	0.243178	0.574068	-0.145118	-0.041875	0.009527	0.032697	0.251455	0.234522	0.606166
2021-07-29 06:19:08.000000 	201.000000	58.928776	-153.644676	643.661973	-0.017323	-0.023139	-0.015032	0.364113	0.284321	0.671297	-0.190301	-0.029852	0.013044	0.000437	0.294016	0.274207	0.708817
2021-07-29 06:19:09.000000 	202.000000	58.928776	-153.644676	643.661973	-0.019904	0.002590	-0.039177	0.364528	0.284634	0.672140	-0.201029	-0.034511	-0.011157	-0.024945	0.294359	0.274515	0.709693
2021-07-29 06:19:10.000000 	203.000000	58.928776	-153.644676	643.661973	-0.039277	-0.014092	0.033621	0.255127	0.199204	0.470475	-0.105428	-0.018152	-0.004810	0.050190	0.206022	0.192126	0.496751
2021-07-29 06:19:11.000000 	204.000000	58.928776	-153.644676	643.661973	-0.006145	-0.006164	-0.026751	0.549289	0.428869	1.013050	-0.295265	-0.020866	0.002795	-0.018659	0.443577	0.413641	1.069606
2021-07-29 06:19:12.000000 	205.000000	58.928776	-153.644676	643.661973	-0.013943	-0.011448	0.006959	0.242403	0.189255	0.447115	-0.118453	-0.011463	0.004068	0.015031	0.195757	0.182539	0.472067
2021-07-29 06:19:13.000000 	206.000000	58.928776	-153.644676	643.661973	-0.016358	-0.006266	-0.015639	0.416186	0.324922	0.767748	-0.218390	-0.023009	-0.001648	-0.004395	0.336108	0.313399	0.810576
2021-07-29 06:19:14.000000 	207.000000	58.928776	-153.644676	643.661973	-0.032615	-0.022677	0.022212	0.340825	0.266077	0.628800	-0.156937	-0.022191	0.005840	0.039304	0.275254	0.256647	0.663864
2021-07-29 06:19:15.000000 	208.000000	58.928776	-153.644676	643.661973	-0.014588	-0.013149	-0.025319	0.306875	0.239564	0.566230	-0.166230	-0.029264	0.005306	-0.011927	0.247842	0.231078	0.597793
2021-07-29 06:19:16.000000 	209.000000	58.928776	-153.644676	643.661973	-0.045789	-0.023330	0.020085	0.354520	0.276748	0.654219	-0.161084	-0.033648	0.000578	0.043724	0.286329	0.266952	0.690673
2021-07-29 06:19:17.000000 	210.000000	58.928776	-153.644676	643.661973	-0.023539	-0.006513	-0.017757	0.310396	0.242294	0.572859	-0.162206	-0.029707	-0.004613	-0.002832	0.250698	0.233723	0.604768
2021-07-29 06:19:18.000000 	211.000000	58.928776	-153.644676	643.661973	-0.016677	-0.022970	-0.004466	0.407797	0.318314	0.752708	-0.208315	-0.023838	0.013179	0.009150	0.329375	0.307061	0.794618
2021-07-29 06:19:19.000000 	212.000000	58.928776	-153.644676	643.661973	-0.030314	-0.028854	-0.000811	0.323437	0.252455	0.597065	-0.158619	-0.034656	0.012397	0.019936	0.261244	0.243536	0.630296
2021-07-29 06:19:20.000000 	213.000000	58.928776	-153.644676	643.661973	-0.020627	-0.011682	-0.009688	0.283807	0.221514	0.523968	-0.145536	-0.025273	0.001311	0.003918	0.229240	0.213693	0.553120
2021-07-29 06:19:21.000000 	214.000000	58.928776	-153.644676	643.661973	-0.021247	-0.028689	-0.008906	0.439075	0.342690	0.810721	-0.225055	-0.031812	0.016274	0.008771	0.354665	0.330597	0.855810
2021-07-29 06:19:22.000000 	215.000000	58.928776	-153.644676	643.661973	-0.017676	-0.010641	0.006466	0.342514	0.267316	0.632501	-0.169577	-0.014276	0.001688	0.016151	0.276674	0.257889	0.667664
2021-07-29 06:19:23.000000 	216.000000	58.928776	-153.644676	643.661973	-0.043291	-0.021274	0.025703	0.409542	0.319616	0.756365	-0.187998	-0.028050	-0.000156	0.046909	0.330827	0.308352	0.798398
2021-07-29 06:19:24.000000 	217.000000	58.928776	-153.644676	643.661973	-0.009366	-0.014795	-0.018972	0.327263	0.255395	0.604479	-0.175351	-0.022605	0.009099	-0.008529	0.264369	0.246400	0.638058
2021-07-29 06:19:25.000000 	218.000000	58.928776	-153.644676	643.661973	-0.049837	-0.019626	0.022049	0.366553	0.286046	0.677127	-0.165287	-0.034333	-0.004538	0.046429	0.296116	0.275977	0.714728
2021-07-29 06:19:26.000000 	219.000000	58.928776	-153.644676	643.661973	-0.017499	-0.010133	-0.014617	0.307281	0.239784	0.567702	-0.160863	-0.024827	0.001312	-0.002105	0.248241	0.231348	0.599214
2021-07-29 06:19:27.000000 	220.000000	58.928776	-153.644676	643.661973	-0.020231	-0.018406	-0.006922	0.386313	0.301444	0.713795	-0.197409	-0.026098	0.007511	0.007644	0.312095	0.290846	0.753402
2021-07-29 06:19:28.000000 	221.000000	58.928776	-153.644676	643.661973	-0.028702	-0.033424	-0.016528	0.387527	0.302380	0.716121	-0.199222	-0.043268	0.017208	0.006775	0.313084	0.291756	0.755842
2021-07-29 06:19:29.000000 	222.000000	58.928776	-153.644676	643.661973	-0.032281	-0.002825	0.019964	0.300295	0.234306	0.554987	-0.137433	-0.015547	-0.011799	0.032676	0.242616	0.226079	0.585759
2021-07-29 06:19:30.000000 	223.000000	58.928776	-153.644676	643.661973	-0.013829	-0.020727	-0.044142	0.464880	0.362711	0.859262	-0.256583	-0.041277	0.012433	-0.026664	0.375598	0.349983	0.906885
2021-07-29 06:19:31.000000 	224.000000	58.928776	-153.644676	643.661973	-0.030500	-0.020699	0.019125	0.322415	0.251547	0.596005	-0.149336	-0.021409	0.005007	0.035229	0.260501	0.242726	0.629025
2021-07-29 06:19:32.000000 	225.000000	58.928776	-153.644676	643.661973	-0.026465	-0.007924	-0.019661	0.308233	0.240473	0.569855	-0.160879	-0.033472	-0.004649	-0.002785	0.249049	0.232046	0.601414
2021-07-29 06:19:33.000000 	226.000000	58.928776	-153.644676	643.661973	-0.026094	-0.012053	-0.000798	0.395745	0.308736	0.731730	-0.198026	-0.025022	-0.000784	0.014146	0.319766	0.297923	0.772238
2021-07-29 06:19:34.000000 	227.000000	58.928776	-153.644676	643.661973	-0.021093	-0.022511	-0.004094	0.348193	0.271629	0.643880	-0.175863	-0.026861	0.010807	0.011405	0.281351	0.262121	0.679511
2021-07-29 06:19:35.000000 	228.000000	58.928776	-153.644676	643.661973	-0.014878	-0.020793	-0.006845	0.342194	0.266939	0.632860	-0.175784	-0.022858	0.012027	0.005782	0.276511	0.257602	0.667868
2021-07-29 06:19:36.000000 	229.000000	58.928776	-153.644676	643.661973	-0.034879	-0.017101	0.002418	0.389549	0.303869	0.720522	-0.190626	-0.032024	-0.000161	0.022120	0.314785	0.293246	0.760365
2021-07-29 06:19:37.000000 	230.000000	58.928776	-153.644676	643.661973	-0.012587	-0.020300	-0.008732	0.302978	0.236330	0.560462	-0.156910	-0.021886	0.012602	0.002993	0.244835	0.228074	0.591442
2021-07-29 06:19:38.000000 	231.000000	58.928776	-153.644676	643.661973	-0.045303	-0.015938	0.023581	0.374138	0.291826	0.692177	-0.169962	-0.028660	-0.005831	0.044800	0.302348	0.281637	0.730422
2021-07-29 06:19:39.000000 	232.000000	58.928776	-153.644676	643.661973	-0.024693	-0.013047	0.000560	0.358024	0.279248	0.662442	-0.178156	-0.023624	0.000729	0.014889	0.289334	0.269504	0.699030
2021-07-29 06:19:40.000000 	233.000000	58.928776	-153.644676	643.661973	-0.011518	-0.024077	-0.017120	0.409017	0.319009	0.756881	-0.215858	-0.026830	0.016461	-0.003821	0.330552	0.307885	0.798669
2021-07-29 06:19:41.000000 	234.000000	58.928776	-153.644676	643.661973	-0.027748	-0.030438	-0.010012	0.259766	0.202595	0.480749	-0.129926	-0.038038	0.014956	0.011231	0.209939	0.195535	0.507281
2021-07-29 06:19:42.000000 	235.000000	58.928776	-153.644676	643.661973	-0.014772	-0.010741	-0.000781	0.392734	0.306287	0.726916	-0.199558	-0.015824	0.003067	0.008623	0.317410	0.295620	0.767019
2021-07-29 06:19:43.000000 	236.000000	58.928776	-153.644676	643.661973	-0.033059	-0.020316	-0.004414	0.374763	0.292262	0.693735	-0.186367	-0.035375	0.003529	0.016163	0.302894	0.282090	0.731992
2021-07-29 06:19:44.000000 	237.000000	58.928776	-153.644676	643.661973	-0.032826	-0.015033	0.018522	0.321287	0.250549	0.594811	-0.148474	-0.021351	-0.001102	0.034490	0.259680	0.241834	0.627601
2021-07-29 06:19:45.000000 	238.000000	58.928776	-153.644676	643.661973	-0.016506	-0.026598	-0.027264	0.335597	0.261699	0.621376	-0.180709	-0.036853	0.016506	-0.009625	0.271254	0.252602	0.655617
2021-07-29 06:19:46.000000 	239.000000	58.928776	-153.644676	643.661973	-0.033090	-0.021681	0.027890	0.385613	0.300691	0.714066	-0.177264	-0.019246	0.004738	0.044158	0.311689	0.290245	0.753399
2021-07-29 06:19:47.000000 	240.000000	58.928776	-153.644676	643.661973	-0.011416	-0.016247	-0.043892	0.399415	0.311441	0.739708	-0.223140	-0.037592	0.009490	-0.028593	0.322854	0.300629	0.780438
2021-07-29 06:19:48.000000 	241.000000	58.928776	-153.644676	643.661973	-0.021573	-0.010425	-0.006709	0.284899	0.222141	0.527688	-0.144365	-0.023984	-0.000236	0.006619	0.230295	0.214433	0.556733
2021-07-29 06:19:49.000000 	242.000000	58.928776	-153.644676	643.661973	-0.025499	-0.003138	-0.009366	0.345747	0.269575	0.640465	-0.176123	-0.025597	-0.008508	0.004488	0.279489	0.260228	0.675703
2021-07-29 06:19:50.000000 	243.000000	58.928776	-153.644676	643.661973	-0.039415	-0.014539	0.024326	0.373439	0.291155	0.691840	-0.170971	-0.023224	-0.004470	0.042395	0.301882	0.281067	0.729890
2021-07-29 06:19:51.000000 	244.000000	58.928776	-153.644676	643.661973	-0.031842	-0.019779	-0.004854	0.363486	0.283385	0.673479	-0.181017	-0.034465	0.003587	0.015100	0.293844	0.273572	0.710505
2021-07-29 06:19:52.000000 	245.000000	58.928776	-153.644676	643.661973	-0.020776	-0.013506	-0.018886	0.348128	0.271402	0.645097	-0.182759	-0.030828	0.002879	-0.003473	0.281437	0.262010	0.680549
2021-07-29 06:19:53.000000 	246.000000	58.928776	-153.644676	643.661973	-0.030678	-0.017770	0.005237	0.375604	0.292812	0.696090	-0.183187	-0.027600	0.002304	0.022745	0.303657	0.282685	0.734330
2021-07-29 06:19:54.000000 	247.000000	58.928776	-153.644676	643.661973	-0.019022	-0.021553	-0.003216	0.374132	0.291654	0.693443	-0.189399	-0.024455	0.010868	0.010980	0.302476	0.281574	0.731522
2021-07-29 06:19:55.000000 	248.000000	58.928776	-153.644676	643.661973	-0.028921	-0.019848	0.000509	0.312995	0.243986	0.580194	-0.153194	-0.029481	0.004946	0.018359	0.253055	0.235559	0.612042
2021-07-29 06:19:56.000000 	249.000000	58.928776	-153.644676	643.661973	-0.030685	-0.015613	0.011997	0.325984	0.254102	0.604341	-0.154403	-0.023296	0.000368	0.028044	0.263564	0.245331	0.637501
2021-07-29 06:19:57.000000 	250.000000	58.928776	-153.644676	643.661973	-0.016800	-0.026777	-0.025585	0.382214	0.297923	0.708667	-0.204036	-0.036281	0.016535	-0.008010	0.309036	0.287645	0.747537
2021-07-29 06:19:58.000000 	251.000000	58.928776	-153.644676	643.661973	-0.029447	-0.030452	-0.017440	0.368210	0.286996	0.682780	-0.189255	-0.043180	0.014214	0.005658	0.297721	0.277102	0.720215
2021-07-29 06:19:59.000000 	252.000000	58.928776	-153.644676	643.661973	-0.024744	-0.009597	0.003425	0.304337	0.237203	0.564403	-0.148934	-0.020873	-0.002385	0.016576	0.246083	0.229031	0.595336
2021-07-29 06:20:00.000000 	253.000000	58.928776	-153.644676	643.661973	-0.026474	-0.023541	-0.018538	0.389462	0.303540	0.722355	-0.201997	-0.038837	0.009342	0.001758	0.314923	0.293089	0.761929
2021-07-29 06:20:01.000000 	254.000000	58.928776	-153.644676	643.661973	-0.021782	-0.012199	0.022632	0.297417	0.231793	0.551697	-0.137303	-0.009676	0.001262	0.032253	0.240501	0.223818	0.581911
2021-07-29 06:20:02.000000 	255.000000	58.928776	-153.644676	643.661973	-0.016462	-0.024419	-0.024545	0.401425	0.312841	0.744714	-0.213716	-0.034588	0.014573	-0.007815	0.324615	0.302084	0.785482
2021-07-29 06:20:03.000000 	256.000000	58.928776	-153.644676	643.661973	-0.022863	-0.014790	0.003383	0.381103	0.296993	0.707093	-0.189126	-0.021425	0.003103	0.016859	0.308190	0.286787	0.745787
2021-07-29 06:20:04.000000 	257.000000	58.928776	-153.644676	643.661973	-0.024393	-0.032161	0.001245	0.339236	0.264357	0.629487	-0.167124	-0.030308	0.017989	0.019716	0.274341	0.255278	0.663920
2021-07-29 06:20:05.000000 	258.000000	58.928776	-153.644676	643.661973	-0.030311	-0.010217	-0.022159	0.291849	0.227422	0.541618	-0.151922	-0.038585	-0.004302	-0.002621	0.236026	0.219616	0.571233
2021-07-29 06:20:06.000000 	259.000000	58.928776	-153.644676	643.661973	-0.015752	-0.019584	0.018579	0.406786	0.316975	0.755006	-0.197112	-0.009948	0.010556	0.027685	0.328987	0.306103	0.796273
2021-07-29 06:20:07.000000 	260.000000	58.928776	-153.644676	643.661973	-0.030147	-0.009713	-0.022094	0.309107	0.240853	0.573776	-0.160960	-0.038234	-0.004680	-0.002757	0.249996	0.232597	0.605125
2021-07-29 06:20:08.000000 	261.000000	58.928776	-153.644676	643.661973	-0.033110	-0.027193	0.000761	0.411330	0.320493	0.763615	-0.202566	-0.035359	0.009668	0.022194	0.332682	0.309514	0.805320
2021-07-29 06:20:09.000000 	262.000000	58.928776	-153.644676	643.661973	-0.018411	-0.006673	-0.007536	0.305537	0.238054	0.567279	-0.156335	-0.020557	-0.002194	0.003589	0.247123	0.229905	0.598249
2021-07-29 06:20:10.000000 	263.000000	58.928776	-153.644676	643.661973	-0.038794	-0.008395	0.035294	0.427707	0.333229	0.794199	-0.194263	-0.014751	-0.009700	0.050094	0.345947	0.321829	0.837540
2021-07-29 06:20:11.000000 	264.000000	58.928776	-153.644676	643.661973	-0.028251	-0.013047	-0.015918	0.385180	0.300086	0.715315	-0.198343	-0.034859	-0.000851	0.002420	0.311559	0.289827	0.754336
2021-07-29 06:20:12.000000 	265.000000	58.928776	-153.644676	643.661973	-0.022177	-0.021567	-0.021962	0.332676	0.259172	0.617881	-0.175245	-0.036556	0.009480	-0.003614	0.269098	0.250317	0.651573
2021-07-29 06:20:13.000000 	266.000000	58.928776	-153.644676	643.661973	-0.015144	-0.032041	-0.002018	0.354876	0.276457	0.659187	-0.179208	-0.024847	0.021987	0.012616	0.287063	0.267017	0.695118
2021-07-29 06:20:14.000000 	267.000000	58.928776	-153.644676	643.661973	-0.035942	-0.014969	0.005928	0.368646	0.287174	0.684843	-0.177628	-0.030217	-0.002543	0.025129	0.298210	0.277375	0.722159
2021-07-29 06:20:15.000000 	268.000000	58.928776	-153.644676	643.661973	-0.025725	-0.026194	-0.019681	0.354091	0.275826	0.657880	-0.184093	-0.039862	0.012051	0.001041	0.286445	0.266420	0.693712
2021-07-29 06:20:16.000000 	269.000000	58.928776	-153.644676	643.661973	-0.021765	-0.014166	-0.004208	0.253178	0.197211	0.470444	-0.126431	-0.024263	0.003031	0.009707	0.204816	0.190491	0.496057
2021-07-29 06:20:17.000000 	270.000000	58.928776	-153.644676	643.661973	-0.025432	-0.023949	0.004355	0.417511	0.325206	0.775887	-0.206385	-0.026378	0.010169	0.020979	0.337768	0.314130	0.818114
2021-07-29 06:20:18.000000 	271.000000	58.928776	-153.644676	643.661973	-0.025737	-0.017594	-0.007879	0.402672	0.313637	0.748397	-0.204381	-0.030510	0.004339	0.009185	0.325773	0.302962	0.789112
2021-07-29 06:20:19.000000 	272.000000	58.928776	-153.644676	643.661973	-0.018374	-0.025734	-0.001428	0.429843	0.334788	0.798987	-0.217249	-0.024624	0.014902	0.013170	0.347765	0.323401	0.842437
2021-07-29 06:20:20.000000 	273.000000	58.928776	-153.644676	643.661973	-0.038857	-0.015264	0.016242	0.270061	0.210333	0.502045	-0.120753	-0.027244	-0.003573	0.035378	0.218500	0.203184	0.529335
2021-07-29 06:20:21.000000 	274.000000	58.928776	-153.644676	643.661973	-0.017773	-0.023170	-0.022439	0.357962	0.278784	0.665529	-0.189750	-0.034032	0.012871	-0.005692	0.289627	0.269314	0.701692
2021-07-29 06:20:22.000000 	275.000000	58.928776	-153.644676	643.661973	-0.028477	-0.009910	-0.002324	0.380619	0.296419	0.707733	-0.189832	-0.026824	-0.003762	0.013450	0.307968	0.286356	0.746175
2021-07-29 06:20:23.000000 	276.000000	58.928776	-153.644676	643.661973	-0.018949	-0.022962	-0.013548	0.341960	0.266302	0.635923	-0.177124	-0.030267	0.012163	0.002420	0.276696	0.257268	0.670450
2021-07-29 06:20:24.000000 	277.000000	58.928776	-153.644676	643.661973	-0.028995	-0.010346	0.014749	0.331314	0.258003	0.616196	-0.156375	-0.018576	-0.003602	0.028412	0.268090	0.249256	0.649639
2021-07-29 06:20:25.000000 	278.000000	58.928776	-153.644676	643.661973	-0.027536	-0.027517	-0.007066	0.407225	0.317106	0.757466	-0.205411	-0.035243	0.012433	0.012987	0.329525	0.306362	0.798560
2021-07-29 06:20:26.000000 	279.000000	58.928776	-153.644676	643.661973	-0.020415	-0.014975	-0.013823	0.311006	0.242172	0.578557	-0.161065	-0.028497	0.004355	0.001032	0.251672	0.233972	0.609933
2021-07-29 06:20:27.000000 	280.000000	58.928776	-153.644676	643.661973	-0.021527	-0.004146	-0.004814	0.347748	0.270772	0.646981	-0.176013	-0.020582	-0.005841	0.006782	0.281413	0.261610	0.682054
2021-07-29 06:20:28.000000 	281.000000	58.928776	-153.644676	643.661973	-0.024588	-0.023199	-0.015891	0.343353	0.267342	0.638879	-0.177215	-0.035894	0.009872	0.003075	0.277865	0.258301	0.673499
2021-07-29 06:20:29.000000 	282.000000	58.928776	-153.644676	643.661973	-0.035470	-0.008739	0.019882	0.355954	0.277143	0.662401	-0.164922	-0.020285	-0.007916	0.035435	0.288071	0.267778	0.698281
2021-07-29 06:20:30.000000 	283.000000	58.928776	-153.644676	643.661973	-0.032579	-0.021786	0.004337	0.398205	0.310028	0.741110	-0.194334	-0.031050	0.005058	0.023773	0.322274	0.299558	0.781238
2021-07-29 06:20:31.000000 	284.000000	58.928776	-153.644676	643.661973	-0.009042	-0.028868	-0.024029	0.312162	0.243030	0.581039	-0.168738	-0.030318	0.021853	-0.009786	0.252645	0.234828	0.612487
2021-07-29 06:20:32.000000 	285.000000	58.928776	-153.644676	643.661973	-0.035001	-0.016259	0.003409	0.302671	0.235633	0.563437	-0.144570	-0.031287	-0.000969	0.022831	0.244971	0.227686	0.593921
2021-07-29 06:20:33.000000 	286.000000	58.928776	-153.644676	643.661973	-0.023151	-0.018895	-0.031538	0.386791	0.301111	0.720113	-0.207262	-0.041230	0.006653	-0.011978	0.313065	0.290962	0.759059
2021-07-29 06:20:34.000000 	287.000000	58.928776	-153.644676	643.661973	-0.015510	-0.023226	0.013812	0.370208	0.288192	0.689319	-0.180080	-0.013607	0.013927	0.024324	0.299652	0.278485	0.726584
2021-07-29 06:20:35.000000 	288.000000	58.928776	-153.644676	643.661973	-0.027592	-0.022737	-0.019291	0.342921	0.266941	0.638584	-0.177565	-0.039778	0.008125	0.001446	0.277574	0.257955	0.673093
2021-07-29 06:20:36.000000 	289.000000	58.928776	-153.644676	643.661973	-0.035133	-0.012489	0.026239	0.345597	0.269014	0.643639	-0.156611	-0.018171	-0.004406	0.041584	0.279748	0.259965	0.678407
2021-07-29 06:20:37.000000 	290.000000	58.928776	-153.644676	643.661973	-0.017801	-0.016832	-0.019286	0.358837	0.279311	0.668375	-0.188932	-0.030016	0.007180	-0.004430	0.290474	0.269922	0.704464
2021-07-29 06:20:38.000000 	291.000000	58.928776	-153.644676	643.661973	-0.026098	-0.028635	0.008871	0.410341	0.319390	0.764393	-0.200031	-0.026340	0.014073	0.026228	0.332176	0.308660	0.805652
2021-07-29 06:20:39.000000 	292.000000	58.928776	-153.644676	643.661973	-0.019638	-0.004354	-0.016136	0.328725	0.255855	0.612427	-0.171692	-0.025056	-0.004817	-0.003742	0.266115	0.247265	0.645470
2021-07-29 06:20:40.000000 	293.000000	58.928776	-153.644676	643.661973	-0.038833	-0.034756	0.007575	0.349098	0.271703	0.650457	-0.164786	-0.039110	0.013904	0.032410	0.282617	0.262587	0.685538
2021-07-29 06:20:41.000000 	294.000000	58.928776	-153.644676	643.661973	-0.018689	-0.013264	-0.026456	0.388998	0.302746	0.724882	-0.207589	-0.033041	0.003588	-0.010978	0.314928	0.292596	0.763962
2021-07-29 06:20:42.000000 	295.000000	58.928776	-153.644676	643.661973	-0.032665	-0.012126	0.019064	0.302783	0.235640	0.564288	-0.138376	-0.019842	-0.003636	0.034213	0.245137	0.227744	0.594697
2021-07-29 06:20:43.000000 	296.000000	58.928776	-153.644676	643.661973	-0.026579	-0.001413	-0.018166	0.387814	0.301805	0.722841	-0.201162	-0.030312	-0.010534	-0.002945	0.313989	0.291699	0.761780
2021-07-29 06:20:44.000000 	297.000000	58.928776	-153.644676	643.661973	-0.017409	-0.018530	-0.003542	0.366982	0.285583	0.684090	-0.186038	-0.022236	0.008875	0.009263	0.297131	0.276027	0.720926
2021-07-29 06:20:45.000000 	298.000000	58.928776	-153.644676	643.661973	-0.020956	-0.022214	-0.008479	0.328945	0.255975	0.613256	-0.167412	-0.028907	0.010602	0.007518	0.266343	0.247415	0.646265
2021-07-29 06:20:46.000000 	299.000000	58.928776	-153.644676	643.661973	-0.034830	-0.012675	-0.010641	0.395290	0.307591	0.737027	-0.198999	-0.037044	-0.004105	0.009897	0.320071	0.297312	0.776682
2021-07-29 06:20:47.000000 	300.000000	58.928776	-153.644676	643.661973	-0.026642	-0.021014	-0.009902	0.327775	0.255046	0.611212	-0.165818	-0.033548	0.007003	0.008654	0.265411	0.246529	0.644085
2021-07-29 06:20:48.000000 	301.000000	58.928776	-153.644676	643.661973	-0.021362	-0.017425	0.005350	0.302532	0.235397	0.564205	-0.147539	-0.020260	0.006131	0.018454	0.244979	0.227540	0.594538
2021-07-29 06:20:49.000000 	302.000000	58.928776	-153.644676	643.661973	-0.023105	-0.019616	0.002839	0.433893	0.337596	0.809280	-0.216103	-0.023726	0.007320	0.017611	0.351362	0.326336	0.852771
2021-07-29 06:20:50.000000 	303.000000	58.928776	-153.644676	643.661973	-0.032930	-0.012092	0.024963	0.319738	0.248768	0.596429	-0.144349	-0.016988	-0.003784	0.039381	0.258928	0.240476	0.628468
2021-07-29 06:20:51.000000 	304.000000	58.928776	-153.644676	643.661973	-0.007771	-0.031369	-0.038183	0.410002	0.318986	0.764893	-0.225948	-0.037599	0.024659	-0.021924	0.332036	0.308361	0.805966
2021-07-29 06:20:52.000000 	305.000000	58.928776	-153.644676	643.661973	-0.032241	-0.019204	0.009838	0.318768	0.247997	0.594756	-0.150673	-0.026970	0.002895	0.027737	0.258159	0.239742	0.626680
2021-07-29 06:20:53.000000 	306.000000	58.928776	-153.644676	643.661973	-0.016595	-0.010963	-0.020188	0.293809	0.228571	0.548249	-0.156064	-0.027324	0.002456	-0.007105	0.237953	0.220968	0.577666
2021-07-29 06:20:54.000000 	307.000000	58.928776	-153.644676	643.661973	-0.028553	-0.024390	0.003642	0.449301	0.349526	0.838494	-0.221975	-0.029309	0.009179	0.021912	0.363896	0.337907	0.883465
2021-07-29 06:20:55.000000 	308.000000	58.928776	-153.644676	643.661973	-0.031813	-0.015559	0.013112	0.311556	0.242362	0.581497	-0.145694	-0.023565	-0.000181	0.029508	0.252342	0.234310	0.612673
2021-07-29 06:20:56.000000 	309.000000	58.928776	-153.644676	643.661973	-0.008292	-0.018077	-0.014325	0.361674	0.281339	0.675114	-0.190602	-0.020631	0.012517	-0.004294	0.292943	0.271999	0.711294
2021-07-29 06:20:57.000000 	310.000000	58.928776	-153.644676	643.661973	-0.041113	-0.024709	-0.006049	0.321445	0.250037	0.600090	-0.156086	-0.044072	0.003889	0.019493	0.260368	0.241742	0.632236
2021-07-29 06:20:58.000000 	311.000000	58.928776	-153.644676	643.661973	-0.017757	-0.007950	-0.011418	0.369613	0.287495	0.690090	-0.191098	-0.022545	-0.000759	0.000254	0.299393	0.277963	0.727043
2021-07-29 06:20:59.000000 	312.000000	58.928776	-153.644676	643.661973	-0.033136	-0.027303	0.016211	0.313709	0.244003	0.585780	-0.144469	-0.027446	0.009755	0.035465	0.254118	0.235919	0.617135
2021-07-29 06:21:00.000000 	313.000000	58.928776	-153.644676	643.661973	-0.015147	-0.015930	-0.040593	0.449364	0.349505	0.839181	-0.245939	-0.038633	0.007550	-0.024114	0.364016	0.337932	0.884082
2021-07-29 06:21:01.000000 	314.000000	58.928776	-153.644676	643.661973	-0.030531	-0.013487	0.017735	0.273196	0.212478	0.510248	-0.124117	-0.019408	-0.001469	0.032399	0.221315	0.205448	0.537538
2021-07-29 06:21:02.000000 	315.000000	58.928776	-153.644676	643.661973	-0.034984	-0.030430	-0.021785	0.411638	0.320141	0.768903	-0.211622	-0.049664	0.011737	0.004491	0.333477	0.309555	0.810011
2021-07-29 06:21:03.000000 	316.000000	58.928776	-153.644676	643.661973	-0.025895	-0.010380	0.015165	0.403440	0.313755	0.753675	-0.194107	-0.015994	-0.002194	0.027343	0.326846	0.303387	0.793953
2021-07-29 06:21:04.000000 	317.000000	58.928776	-153.644676	643.661973	-0.011014	-0.011087	-0.025338	0.312868	0.243309	0.584542	-0.169777	-0.025746	0.005045	-0.014069	0.253477	0.235275	0.615768
2021-07-29 06:21:05.000000 	318.000000	58.928776	-153.644676	643.661973	-0.031036	-0.017770	-0.012205	0.285601	0.222097	0.533659	-0.143560	-0.036876	0.002145	0.007970	0.231394	0.214768	0.562155
2021-07-29 06:21:06.000000 	319.000000	58.928776	-153.644676	643.661973	-0.022175	-0.020577	0.010278	0.410668	0.319345	0.767438	-0.200758	-0.019539	0.008594	0.023773	0.332733	0.308813	0.808402
2021-07-29 06:21:07.000000 	320.000000	58.928776	-153.644676	643.661973	-0.026566	-0.017892	0.004003	0.358125	0.278477	0.669324	-0.175322	-0.025127	0.004239	0.019814	0.290171	0.269299	0.705037
2021-07-29 06:21:08.000000 	321.000000	58.928776	-153.644676	643.661973	-0.008580	-0.008723	-0.026729	0.342500	0.266318	0.640193	-0.186455	-0.023697	0.004008	-0.016928	0.277520	0.257547	0.674337
2021-07-29 06:21:09.000000 	322.000000	58.928776	-153.644676	643.661973	-0.038043	-0.015913	-0.001461	0.334140	0.259809	0.624638	-0.161921	-0.036003	-0.002630	0.019988	0.270755	0.251258	0.657939
2021-07-29 06:21:10.000000 	323.000000	58.928776	-153.644676	643.661973	-0.030514	-0.031623	0.010533	0.427314	0.332245	0.798906	-0.206433	-0.030008	0.014789	0.030378	0.346265	0.321317	0.841481
2021-07-29 06:21:11.000000 	324.000000	58.928776	-153.644676	643.661973	-0.021222	-0.003134	-0.003345	0.321267	0.249784	0.600710	-0.161464	-0.019206	-0.006613	0.007667	0.260341	0.241573	0.632710
2021-07-29 06:21:12.000000 	325.000000	58.928776	-153.644676	643.661973	-0.018074	-0.033737	-0.019580	0.378565	0.294323	0.707926	-0.198160	-0.036805	0.022206	-0.000683	0.306783	0.284655	0.745622
2021-07-29 06:21:13.000000 	326.000000	58.928776	-153.644676	643.661973	-0.026122	-0.025256	0.013011	0.343815	0.267297	0.643016	-0.163570	-0.022937	0.011035	0.029011	0.278631	0.258523	0.677242
2021-07-29 06:21:14.000000 	327.000000	58.928776	-153.644676	643.661973	-0.015212	-0.016847	-0.018775	0.385470	0.299671	0.721001	-0.202962	-0.027771	0.008343	-0.005186	0.312399	0.289841	0.759363
2021-07-29 06:21:15.000000 	328.000000	58.928776	-153.644676	643.661973	-0.046786	-0.019529	0.016952	0.301447	0.234343	0.563905	-0.133785	-0.034585	-0.003271	0.040631	0.244312	0.226661	0.593896
2021-07-29 06:21:16.000000 	329.000000	58.928776	-153.644676	643.661973	-0.013273	-0.009501	-0.024218	0.397602	0.309083	0.743862	-0.212428	-0.026299	0.002621	-0.012428	0.322252	0.298958	0.783408
2021-07-29 06:21:17.000000 	330.000000	58.928776	-153.644676	643.661973	-0.034403	-0.028920	0.015324	0.360204	0.280002	0.673970	-0.168442	-0.029492	0.010642	0.035662	0.291951	0.270835	0.709786
