2021-07-29 06:12:43.000000 	-184.000000	54.830962	-159.589564	84.400065	-0.043559	-0.008887	0.034641	0.295065	0.238482	0.436325	-0.144331	-0.015953	-0.006861	0.053617	0.218212	0.212363	0.491531
2021-07-29 06:12:44.000000 	-183.000000	54.830962	-159.589564	84.400065	-0.030220	-0.017876	0.007161	0.338904	0.273922	0.501163	-0.183386	-0.024124	0.006215	0.025759	0.250634	0.243917	0.564572
2021-07-29 06:12:45.000000 	-182.000000	54.830962	-159.589564	84.400065	-0.030668	-0.008226	-0.012596	0.323078	0.261139	0.477772	-0.182629	-0.033096	-0.002986	0.007911	0.238932	0.232529	0.538220
2021-07-29 06:12:46.000000 	-181.000000	54.830962	-159.589564	84.400065	-0.027878	-0.009259	0.028884	0.328391	0.265442	0.485643	-0.170336	-0.007361	-0.001044	0.040520	0.242864	0.236356	0.547085
2021-07-29 06:12:47.000000 	-180.000000	54.830962	-159.589564	84.400065	-0.042498	-0.023742	0.010948	0.294144	0.237767	0.435007	-0.151596	-0.033022	0.007431	0.036661	0.217537	0.211709	0.490042
2021-07-29 06:12:48.000000 	-179.000000	54.830962	-159.589564	84.400065	-0.034923	-0.010647	0.025451	0.330035	0.266786	0.488097	-0.170598	-0.015131	-0.002200	0.041796	0.244083	0.237544	0.549849
2021-07-29 06:12:49.000000 	-178.000000	54.830962	-159.589564	84.400065	-0.026594	-0.010274	-0.003547	0.271276	0.219294	0.401207	-0.150104	-0.025347	0.000355	0.013520	0.200628	0.195254	0.451965
2021-07-29 06:12:50.000000 	-177.000000	54.830962	-159.589564	84.400065	-0.038135	-0.024483	0.015381	0.362436	0.292996	0.536043	-0.190858	-0.027337	0.009646	0.038078	0.268050	0.260871	0.603858
2021-07-29 06:12:51.000000 	-176.000000	54.830962	-159.589564	84.400065	-0.035897	-0.006994	0.004074	0.326381	0.263857	0.482730	-0.176874	-0.027149	-0.005964	0.024113	0.241386	0.234922	0.543799
2021-07-29 06:12:52.000000 	-175.000000	54.830962	-159.589564	84.400065	-0.040995	-0.010503	0.019789	0.332967	0.269189	0.492484	-0.172807	-0.023004	-0.004453	0.040417	0.246259	0.239665	0.554786
2021-07-29 06:12:53.000000 	-174.000000	54.830962	-159.589564	84.400065	-0.042636	-0.019063	0.037716	0.259057	0.209442	0.383174	-0.121342	-0.016376	0.002997	0.057676	0.191597	0.186467	0.431647
2021-07-29 06:12:54.000000 	-173.000000	54.830962	-159.589564	84.400065	-0.027342	-0.010146	0.001246	0.352730	0.285183	0.521740	-0.195381	-0.023122	-0.000026	0.017816	0.260879	0.253895	0.587741
2021-07-29 06:12:55.000000 	-172.000000	54.830962	-159.589564	84.400065	-0.029518	-0.012442	-0.001374	0.328757	0.265810	0.486293	-0.181597	-0.026953	0.001367	0.017311	0.243151	0.236643	0.547809
2021-07-29 06:12:56.000000 	-171.000000	54.830962	-159.589564	84.400065	-0.028592	-0.017443	0.012962	0.296376	0.239636	0.438405	-0.156973	-0.019412	0.006377	0.029534	0.219203	0.213337	0.493863
2021-07-29 06:12:57.000000 	-170.000000	54.830962	-159.589564	84.400065	-0.036006	-0.008728	0.011729	0.353090	0.285501	0.522312	-0.189250	-0.023318	-0.004377	0.030778	0.261153	0.254164	0.588383
2021-07-29 06:12:58.000000 	-169.000000	54.830962	-159.589564	84.400065	-0.031314	-0.008167	0.023570	0.297519	0.240575	0.440118	-0.153742	-0.012743	-0.003267	0.037812	0.220053	0.214164	0.495791
2021-07-29 06:12:59.000000 	-168.000000	54.830962	-159.589564	84.400065	-0.041868	-0.020794	0.002084	0.275531	0.222802	0.407601	-0.144594	-0.036804	0.004888	0.028482	0.203791	0.198339	0.459160
2021-07-29 06:13:00.000000 	-167.000000	54.830962	-159.589564	84.400065	-0.027207	-0.012828	0.017802	0.321637	0.260092	0.475819	-0.170655	-0.014247	0.002535	0.031816	0.237895	0.231530	0.536006
2021-07-29 06:13:01.000000 	-166.000000	54.830962	-159.589564	84.400065	-0.032539	-0.013787	0.017012	0.343689	0.277933	0.508456	-0.182184	-0.019061	0.001574	0.034242	0.254208	0.247408	0.572769
2021-07-29 06:13:02.000000 	-165.000000	54.830962	-159.589564	84.400065	-0.028419	-0.015395	0.001794	0.346323	0.280072	0.512366	-0.190567	-0.025128	0.004517	0.019901	0.256158	0.249307	0.577172
2021-07-29 06:13:03.000000 	-164.000000	54.830962	-159.589564	84.400065	-0.049158	-0.017946	0.031578	0.327004	0.264457	0.483796	-0.161563	-0.024589	-0.000324	0.055956	0.241871	0.235402	0.544988
2021-07-29 06:13:04.000000 	-163.000000	54.830962	-159.589564	84.400065	-0.018971	-0.012446	-0.003912	0.343258	0.277610	0.507856	-0.193922	-0.020336	0.005048	0.009543	0.253895	0.247106	0.572090
2021-07-29 06:13:05.000000 	-162.000000	54.830962	-159.589564	84.400065	-0.033562	-0.011926	0.011747	0.231738	0.187424	0.342869	-0.119064	-0.022346	-0.000527	0.030116	0.171410	0.166827	0.386234
2021-07-29 06:13:06.000000 	-161.000000	54.830962	-159.589564	84.400065	-0.039542	-0.012877	0.012474	0.315071	0.254830	0.466176	-0.165410	-0.026781	-0.001722	0.034129	0.233050	0.226820	0.525137
2021-07-29 06:13:07.000000 	-160.000000	54.830962	-159.589564	84.400065	-0.038090	-0.014847	0.018235	0.366791	0.296670	0.542713	-0.193447	-0.022912	0.000631	0.038451	0.271308	0.264056	0.611352
2021-07-29 06:13:08.000000 	-159.000000	54.830962	-159.589564	84.400065	-0.024049	-0.007389	0.001718	0.284765	0.230332	0.421355	-0.157004	-0.019542	-0.001462	0.015870	0.210637	0.205007	0.474645
2021-07-29 06:13:09.000000 	-158.000000	54.830962	-159.589564	84.400065	-0.029604	-0.014361	0.015555	0.310397	0.251072	0.459293	-0.164195	-0.017815	0.003135	0.031581	0.229598	0.223463	0.517380
2021-07-29 06:13:10.000000 	-157.000000	54.830962	-159.589564	84.400065	-0.047546	-0.015576	0.031867	0.317723	0.257006	0.470145	-0.156786	-0.022512	-0.001983	0.054846	0.235020	0.228740	0.529604
2021-07-29 06:13:11.000000 	-156.000000	54.830962	-159.589564	84.400065	-0.044256	-0.018175	0.007266	0.343705	0.278031	0.508604	-0.182053	-0.034902	0.001600	0.033481	0.254241	0.247448	0.572925
2021-07-29 06:13:12.000000 	-155.000000	54.830962	-159.589564	84.400065	-0.026962	-0.013085	0.013277	0.394383	0.319036	0.583611	-0.214654	-0.016739	0.002861	0.028036	0.291731	0.283937	0.657417
2021-07-29 06:13:13.000000 	-154.000000	54.830962	-159.589564	84.400065	-0.027744	-0.016624	0.008605	0.217447	0.175909	0.321787	-0.113109	-0.021039	0.005905	0.025351	0.160850	0.156553	0.362481
2021-07-29 06:13:14.000000 	-153.000000	54.830962	-159.589564	84.400065	-0.033968	-0.008348	0.006424	0.285210	0.230734	0.422075	-0.152491	-0.024704	-0.004022	0.025265	0.210977	0.205342	0.475451
2021-07-29 06:13:15.000000 	-152.000000	54.830962	-159.589564	84.400065	-0.038681	-0.015186	0.017897	0.406481	0.328853	0.601557	-0.216422	-0.023655	0.000743	0.038562	0.300688	0.292657	0.677629
2021-07-29 06:13:16.000000 	-151.000000	54.830962	-159.589564	84.400065	-0.031600	-0.022070	0.012115	0.301896	0.244249	0.446791	-0.159102	-0.023523	0.009665	0.031396	0.223325	0.217361	0.503291
2021-07-29 06:13:17.000000 	-150.000000	54.830962	-159.589564	84.400065	-0.037312	-0.009524	0.013113	0.292949	0.237018	0.433560	-0.153323	-0.023748	-0.004086	0.032774	0.216708	0.210922	0.488386
2021-07-29 06:13:18.000000 	-149.000000	54.830962	-159.589564	84.400065	-0.035193	-0.016624	0.013507	0.333618	0.269930	0.493761	-0.176649	-0.023922	0.003307	0.033378	0.246795	0.240206	0.556198
2021-07-29 06:13:19.000000 	-148.000000	54.830962	-159.589564	84.400065	-0.037392	-0.017944	0.031103	0.340018	0.275117	0.503246	-0.172707	-0.015848	0.003778	0.049215	0.251532	0.244817	0.566882
2021-07-29 06:13:20.000000 	-147.000000	54.830962	-159.589564	84.400065	-0.024716	-0.012251	0.005782	0.273127	0.221001	0.404253	-0.147971	-0.019098	0.002862	0.020530	0.202050	0.196657	0.455370
2021-07-29 06:13:21.000000 	-146.000000	54.830962	-159.589564	84.400065	-0.042141	-0.004009	0.008537	0.319079	0.258190	0.472278	-0.169372	-0.028512	-0.010939	0.030533	0.236046	0.229746	0.531995
2021-07-29 06:13:22.000000 	-145.000000	54.830962	-159.589564	84.400065	-0.032172	-0.017597	0.000243	0.328825	0.266085	0.486715	-0.179683	-0.029524	0.005272	0.021101	0.243258	0.236767	0.548257
2021-07-29 06:13:23.000000 	-144.000000	54.830962	-159.589564	84.400065	-0.036886	-0.014492	0.026920	0.308129	0.249346	0.456092	-0.156371	-0.016885	0.000719	0.044829	0.227950	0.221868	0.513761
2021-07-29 06:13:24.000000 	-143.000000	54.830962	-159.589564	84.400065	-0.032495	-0.011897	0.011839	0.295013	0.238740	0.436689	-0.156177	-0.021468	-0.000182	0.029610	0.218249	0.212427	0.491904
2021-07-29 06:13:25.000000 	-142.000000	54.830962	-159.589564	84.400065	-0.037460	-0.016095	0.020271	0.320996	0.259774	0.475161	-0.166114	-0.021612	0.002020	0.040026	0.237473	0.231138	0.535238
2021-07-29 06:13:26.000000 	-141.000000	54.830962	-159.589564	84.400065	-0.026549	-0.016145	-0.010217	0.385009	0.311588	0.569931	-0.218052	-0.030827	0.005872	0.009223	0.284833	0.277235	0.641990
2021-07-29 06:13:27.000000 	-140.000000	54.830962	-159.589564	84.400065	-0.039231	-0.012284	0.033492	0.253203	0.204924	0.374827	-0.121381	-0.014267	-0.002169	0.051024	0.187323	0.182327	0.422217
2021-07-29 06:13:28.000000 	-139.000000	54.830962	-159.589564	84.400065	-0.039111	-0.012728	0.013867	0.279381	0.226117	0.413589	-0.144267	-0.025606	-0.001711	0.035006	0.206692	0.201180	0.465879
2021-07-29 06:13:29.000000 	-138.000000	54.830962	-159.589564	84.400065	-0.048932	-0.023741	0.031717	0.328126	0.265578	0.485763	-0.161587	-0.025988	0.005186	0.057111	0.242758	0.236285	0.547177
2021-07-29 06:13:30.000000 	-137.000000	54.830962	-159.589564	84.400065	-0.013961	-0.009877	-0.023729	0.367781	0.297683	0.544481	-0.217364	-0.027180	0.004388	-0.009877	0.272098	0.264843	0.613317
2021-07-29 06:13:31.000000 	-136.000000	54.830962	-159.589564	84.400065	-0.043768	-0.015340	0.016325	0.275919	0.223336	0.408494	-0.139604	-0.028502	-0.000886	0.040054	0.204137	0.198695	0.460137
2021-07-29 06:13:32.000000 	-135.000000	54.830962	-159.589564	84.400065	-0.026807	-0.009817	0.013540	0.303565	0.245721	0.449434	-0.162320	-0.015537	-0.000148	0.027511	0.224593	0.218606	0.506252
2021-07-29 06:13:33.000000 	-134.000000	54.830962	-159.589564	84.400065	-0.029104	-0.015161	0.016593	0.333235	0.269746	0.493373	-0.177114	-0.017062	0.004060	0.032320	0.246547	0.239976	0.555745
2021-07-29 06:13:34.000000 	-133.000000	54.830962	-159.589564	84.400065	-0.037605	-0.011668	0.016750	0.282800	0.228928	0.418712	-0.145723	-0.022489	-0.002180	0.036337	0.209234	0.203658	0.471644
2021-07-29 06:13:35.000000 	-132.000000	54.830962	-159.589564	84.400065	-0.040411	-0.017405	0.024061	0.342782	0.277491	0.507531	-0.176318	-0.022063	0.002220	0.044980	0.253615	0.246857	0.571690
2021-07-29 06:13:36.000000 	-131.000000	54.830962	-159.589564	84.400065	-0.030927	-0.018517	0.020427	0.318119	0.257534	0.471026	-0.165948	-0.017207	0.006569	0.037113	0.235370	0.229099	0.530570
2021-07-29 06:13:37.000000 	-130.000000	54.830962	-159.589564	84.400065	-0.032078	-0.003940	0.000307	0.385889	0.312407	0.571384	-0.214337	-0.025522	-0.007495	0.018359	0.285514	0.277908	0.643612
2021-07-29 06:13:38.000000 	-129.000000	54.830962	-159.589564	84.400065	-0.033910	-0.022379	0.003700	0.240147	0.194424	0.355593	-0.125590	-0.030229	0.009148	0.025825	0.177683	0.172950	0.400543
2021-07-29 06:13:39.000000 	-128.000000	54.830962	-159.589564	84.400065	-0.043783	-0.012980	0.021504	0.337973	0.273633	0.500458	-0.174028	-0.024858	-0.003103	0.043821	0.250067	0.243406	0.563719
2021-07-29 06:13:40.000000 	-127.000000	54.830962	-159.589564	84.400065	-0.030525	-0.010627	0.022579	0.347219	0.281128	0.514162	-0.182977	-0.013410	-0.000686	0.037071	0.256911	0.250068	0.579154
2021-07-29 06:13:41.000000 	-126.000000	54.830962	-159.589564	84.400065	-0.035618	-0.010167	0.012144	0.331113	0.268096	0.490324	-0.176337	-0.023192	-0.002893	0.031198	0.244996	0.238472	0.552301
2021-07-29 06:13:42.000000 	-125.000000	54.830962	-159.589564	84.400065	-0.035373	-0.010160	0.011507	0.299310	0.242353	0.443239	-0.158172	-0.023370	-0.002814	0.030543	0.221467	0.215570	0.499264
2021-07-29 06:13:43.000000 	-124.000000	54.830962	-159.589564	84.400065	-0.026419	-0.020729	0.003959	0.267413	0.216533	0.396013	-0.143830	-0.023869	0.010214	0.021662	0.197868	0.192600	0.446068
2021-07-29 06:13:44.000000 	-123.000000	54.830962	-159.589564	84.400065	-0.042667	-0.018137	0.018595	0.369674	0.299346	0.547465	-0.193355	-0.027149	0.002119	0.041877	0.273537	0.266255	0.616662
2021-07-29 06:13:45.000000 	-122.000000	54.830962	-159.589564	84.400065	-0.026697	-0.011813	0.002864	0.279824	0.226596	0.414412	-0.152491	-0.022172	0.001760	0.019126	0.207055	0.201543	0.466790
2021-07-29 06:13:46.000000 	-121.000000	54.830962	-159.589564	84.400065	-0.038345	-0.015080	0.022888	0.343996	0.278571	0.509462	-0.178344	-0.020493	0.000760	0.042439	0.254542	0.247767	0.573852
2021-07-29 06:13:47.000000 	-120.000000	54.830962	-159.589564	84.400065	-0.045666	-0.019196	0.020137	0.354747	0.287286	0.525396	-0.183089	-0.028860	0.002065	0.044969	0.262499	0.255514	0.591799
2021-07-29 06:13:48.000000 	-119.000000	54.830962	-159.589564	84.400065	-0.017993	-0.002780	0.001053	0.298358	0.241628	0.441892	-0.167339	-0.013971	-0.003670	0.011132	0.220776	0.214902	0.497741
2021-07-29 06:13:49.000000 	-118.000000	54.830962	-159.589564	84.400065	-0.028968	-0.011339	-0.009117	0.321130	0.260078	0.475630	-0.180424	-0.030677	0.000525	0.010462	0.237629	0.231306	0.535741
2021-07-29 06:13:50.000000 	-117.000000	54.830962	-159.589564	84.400065	-0.046969	-0.020172	0.036234	0.308980	0.250246	0.457645	-0.149684	-0.020864	0.002525	0.059027	0.228641	0.222558	0.515482
2021-07-29 06:13:51.000000 	-116.000000	54.830962	-159.589564	84.400065	-0.038296	-0.013795	0.012289	0.296016	0.239754	0.438454	-0.154708	-0.026194	-0.000426	0.033490	0.219050	0.213223	0.493864
2021-07-29 06:13:52.000000 	-115.000000	54.830962	-159.589564	84.400065	-0.034585	-0.019848	0.016009	0.328515	0.266085	0.486602	-0.172550	-0.022934	0.006541	0.035744	0.243102	0.236636	0.548097
2021-07-29 06:13:53.000000 	-114.000000	54.830962	-159.589564	84.400065	-0.030886	-0.015097	0.027818	0.307837	0.249344	0.455984	-0.157481	-0.011944	0.003378	0.042446	0.227802	0.221744	0.513609
2021-07-29 06:13:54.000000 	-113.000000	54.830962	-159.589564	84.400065	-0.033333	-0.010421	-0.004025	0.318857	0.258279	0.472319	-0.176021	-0.030827	-0.001858	0.016797	0.235960	0.229685	0.532006
2021-07-29 06:13:55.000000 	-112.000000	54.830962	-159.589564	84.400065	-0.033054	-0.011395	0.022100	0.355024	0.287584	0.525905	-0.186943	-0.015843	-0.000848	0.038198	0.262727	0.255741	0.592363
2021-07-29 06:13:56.000000 	-111.000000	54.830962	-159.589564	84.400065	-0.041132	-0.019730	0.015192	0.286217	0.231855	0.423990	-0.146357	-0.028387	0.004147	0.038586	0.211810	0.206179	0.477568
2021-07-29 06:13:57.000000 	-110.000000	54.830962	-159.589564	84.400065	-0.030780	-0.009912	0.008696	0.337245	0.273200	0.499592	-0.182661	-0.021398	-0.001445	0.025715	0.249575	0.242941	0.562722
2021-07-29 06:13:58.000000 	-109.000000	54.830962	-159.589564	84.400065	-0.031378	-0.015208	0.024601	0.270865	0.219432	0.401266	-0.137146	-0.014205	0.003310	0.040103	0.200453	0.195125	0.451970
2021-07-29 06:13:59.000000 	-108.000000	54.830962	-159.589564	84.400065	-0.034435	-0.008777	-0.001503	0.396460	0.321189	0.587339	-0.220039	-0.029750	-0.003783	0.019123	0.293403	0.285605	0.661554
2021-07-29 06:14:00.000000 	-107.000000	54.830962	-159.589564	84.400065	-0.037826	-0.011665	0.017469	0.261485	0.211847	0.387388	-0.132996	-0.022244	-0.002259	0.037043	0.193516	0.188373	0.436337
2021-07-29 06:14:01.000000 	-106.000000	54.830962	-159.589564	84.400065	-0.027277	-0.013848	0.018050	0.308953	0.250312	0.457722	-0.163139	-0.014449	0.003466	0.032261	0.228648	0.222572	0.515557
2021-07-29 06:14:02.000000 	-105.000000	54.830962	-159.589564	84.400065	-0.042069	-0.020753	0.011923	0.362603	0.293789	0.537218	-0.191701	-0.031280	0.004779	0.036625	0.268356	0.261226	0.605097
2021-07-29 06:14:03.000000 	-104.000000	54.830962	-159.589564	84.400065	-0.031570	-0.012506	0.025481	0.291391	0.236098	0.431723	-0.148973	-0.013075	0.000711	0.040384	0.215655	0.209926	0.486271
2021-07-29 06:14:04.000000 	-103.000000	54.830962	-159.589564	84.400065	-0.028036	-0.007100	-0.008113	0.332440	0.269368	0.492554	-0.187380	-0.028176	-0.003123	0.009929	0.246039	0.239503	0.554786
2021-07-29 06:14:05.000000 	-102.000000	54.830962	-159.589564	84.400065	-0.021050	-0.018474	-0.000345	0.331088	0.268280	0.490560	-0.184281	-0.021593	0.009973	0.014792	0.245040	0.238532	0.552540
2021-07-29 06:14:06.000000 	-101.000000	54.830962	-159.589564	84.400065	-0.044273	-0.011492	0.020981	0.296336	0.240128	0.439080	-0.150031	-0.025111	-0.004669	0.043359	0.219322	0.213498	0.494554
2021-07-29 06:14:07.000000 	-100.000000	54.830962	-159.589564	84.400065	-0.036770	-0.013975	0.018359	0.347723	0.281778	0.515232	-0.182876	-0.021580	0.000274	0.037664	0.257358	0.250524	0.580326
2021-07-29 06:14:08.000000 	-99.000000	54.830962	-159.589564	84.400065	-0.039228	-0.015117	0.027597	0.312486	0.253231	0.463031	-0.157958	-0.018468	0.000487	0.046773	0.231281	0.225139	0.521529
2021-07-29 06:14:09.000000 	-98.000000	54.830962	-159.589564	84.400065	-0.033723	-0.018073	0.008106	0.280526	0.227339	0.415683	-0.148154	-0.026320	0.005178	0.028461	0.207629	0.202116	0.468198
2021-07-29 06:14:10.000000 	-97.000000	54.830962	-159.589564	84.400065	-0.030482	-0.019482	0.027045	0.309424	0.250766	0.458515	-0.158336	-0.013330	0.007629	0.042476	0.229020	0.222940	0.516440
2021-07-29 06:14:11.000000 	-96.000000	54.830962	-159.589564	84.400065	-0.044019	-0.023381	0.020933	0.347553	0.281676	0.515027	-0.178618	-0.028333	0.006562	0.045571	0.257244	0.250415	0.580091
2021-07-29 06:14:12.000000 	-95.000000	54.830962	-159.589564	84.400065	-0.016109	0.002296	-0.002764	0.267826	0.217068	0.396891	-0.152148	-0.013279	-0.007770	0.005975	0.198236	0.192974	0.447030
2021-07-29 06:14:13.000000 	-94.000000	54.830962	-159.589564	84.400065	-0.029069	-0.010372	0.009028	0.412678	0.334479	0.611562	-0.226745	-0.020028	-0.000417	0.025156	0.305454	0.297347	0.688818
2021-07-29 06:14:14.000000 	-93.000000	54.830962	-159.589564	84.400065	-0.042700	-0.011716	0.015656	0.210234	0.170402	0.311560	-0.102206	-0.027036	-0.003911	0.038202	0.155611	0.151482	0.350917
2021-07-29 06:14:15.000000 	-92.000000	54.830962	-159.589564	84.400065	-0.039062	-0.017461	0.031441	0.395229	0.320357	0.585730	-0.204306	-0.016795	0.002742	0.050296	0.292545	0.284783	0.659720
2021-07-29 06:14:16.000000 	-91.000000	54.830962	-159.589564	84.400065	-0.027944	-0.012873	0.001415	0.340144	0.275716	0.504105	-0.187648	-0.024264	0.002319	0.018828	0.251775	0.245095	0.567783
2021-07-29 06:14:17.000000 	-90.000000	54.830962	-159.589564	84.400065	-0.023704	-0.016407	-0.000772	0.228181	0.184966	0.338180	-0.124163	-0.023283	0.007111	0.015461	0.168902	0.164421	0.380897
2021-07-29 06:14:18.000000 	-89.000000	54.830962	-159.589564	84.400065	-0.046119	-0.018674	0.031596	0.338296	0.274236	0.501389	-0.169037	-0.022458	0.001418	0.054476	0.250412	0.243770	0.564721
2021-07-29 06:14:19.000000 	-88.000000	54.830962	-159.589564	84.400065	-0.029357	-0.006555	0.008252	0.351538	0.284979	0.521026	-0.191910	-0.019607	-0.004095	0.023910	0.260217	0.253316	0.586838
2021-07-29 06:14:20.000000 	-87.000000	54.830962	-159.589564	84.400065	-0.028705	-0.010900	0.011570	0.327345	0.265376	0.485180	-0.176310	-0.018435	0.000205	0.027143	0.242312	0.235886	0.546463
2021-07-29 06:14:21.000000 	-86.000000	54.830962	-159.589564	84.400065	-0.035604	-0.022169	0.006310	0.284907	0.230980	0.422291	-0.150324	-0.029963	0.008360	0.028831	0.210901	0.205309	0.475628
2021-07-29 06:14:22.000000 	-85.000000	54.830962	-159.589564	84.400065	-0.037452	-0.007881	0.012648	0.352150	0.285503	0.521969	-0.188132	-0.023655	-0.005675	0.032140	0.260680	0.253768	0.587895
2021-07-29 06:14:23.000000 	-84.000000	54.830962	-159.589564	84.400065	-0.026107	-0.013934	0.014040	0.292689	0.237304	0.433844	-0.155617	-0.015887	0.003955	0.028370	0.216666	0.210922	0.488639
2021-07-29 06:14:24.000000 	-83.000000	54.830962	-159.589564	84.400065	-0.044111	-0.011884	0.023088	0.357483	0.289846	0.529898	-0.184847	-0.023884	-0.004245	0.045073	0.264634	0.257619	0.596823
2021-07-29 06:14:25.000000 	-82.000000	54.830962	-159.589564	84.400065	-0.030242	-0.010650	0.006567	0.309661	0.251080	0.459022	-0.167579	-0.022423	-0.000565	0.023833	0.229236	0.223160	0.516994
2021-07-29 06:14:26.000000 	-81.000000	54.830962	-159.589564	84.400065	-0.032480	-0.009480	0.018692	0.319916	0.259403	0.474233	-0.168316	-0.016820	-0.002442	0.034718	0.236830	0.230553	0.534125
2021-07-29 06:14:27.000000 	-80.000000	54.830962	-159.589564	84.400065	-0.036181	-0.018564	0.021626	0.307309	0.249189	0.455555	-0.157794	-0.020555	0.004781	0.040939	0.227500	0.221471	0.513087
2021-07-29 06:14:28.000000 	-79.000000	54.830962	-159.589564	84.400065	-0.036709	-0.017895	0.017834	0.291146	0.236091	0.431605	-0.149790	-0.022953	0.003970	0.037989	0.215537	0.209826	0.486111
2021-07-29 06:14:29.000000 	-78.000000	54.830962	-159.589564	84.400065	-0.022838	-0.007207	0.015042	0.342106	0.277424	0.507162	-0.185508	-0.010888	-0.001210	0.026072	0.253267	0.246556	0.571209
2021-07-29 06:14:30.000000 	-77.000000	54.830962	-159.589564	84.400065	-0.036484	-0.010071	0.007726	0.254390	0.206299	0.377133	-0.133187	-0.026373	-0.003284	0.028034	0.188331	0.183342	0.424759
2021-07-29 06:14:31.000000 	-76.000000	54.830962	-159.589564	84.400065	-0.043070	-0.024505	0.018295	0.379590	0.307841	0.562755	-0.198451	-0.029445	0.007946	0.043129	0.281023	0.273579	0.633820
2021-07-29 06:14:32.000000 	-75.000000	54.830962	-159.589564	84.400065	-0.029464	-0.002507	0.001273	0.247462	0.200694	0.366880	-0.134491	-0.022555	-0.007926	0.017450	0.183207	0.178354	0.413208
2021-07-29 06:14:33.000000 	-74.000000	54.830962	-159.589564	84.400065	-0.035543	-0.018145	0.035555	0.361013	0.292794	0.535238	-0.183717	-0.011924	0.004610	0.051896	0.267277	0.260198	0.602825
2021-07-29 06:14:34.000000 	-73.000000	54.830962	-159.589564	84.400065	-0.020898	-0.005088	-0.020526	0.371159	0.301033	0.550293	-0.216842	-0.029284	-0.002520	-0.004475	0.274792	0.267515	0.619780
2021-07-29 06:14:35.000000 	-72.000000	54.830962	-159.589564	84.400065	-0.049617	-0.019358	0.035568	0.264109	0.214215	0.391585	-0.123113	-0.023045	0.000839	0.059748	0.195538	0.190361	0.441030
2021-07-29 06:14:36.000000 	-71.000000	54.830962	-159.589564	84.400065	-0.014463	-0.006752	0.007572	0.413728	0.335581	0.613433	-0.232212	-0.008644	0.001285	0.015353	0.306316	0.298206	0.690890
2021-07-29 06:14:37.000000 	-70.000000	54.830962	-159.589564	84.400065	-0.043071	-0.014166	0.009166	0.246511	0.199956	0.365510	-0.125526	-0.031757	-0.001744	0.033589	0.182514	0.177682	0.411661
2021-07-29 06:14:38.000000 	-69.000000	54.830962	-159.589564	84.400065	-0.042530	-0.018665	0.023435	0.347441	0.281833	0.515173	-0.178621	-0.024407	0.002661	0.045865	0.257245	0.250436	0.580221
2021-07-29 06:14:39.000000 	-68.000000	54.830962	-159.589564	84.400065	-0.020427	-0.008956	0.000091	0.280098	0.227214	0.415329	-0.155875	-0.018151	0.001270	0.012901	0.207387	0.201898	0.467768
2021-07-29 06:14:40.000000 	-67.000000	54.830962	-159.589564	84.400065	-0.040243	-0.007082	0.024670	0.360042	0.292074	0.533881	-0.187336	-0.018641	-0.007397	0.043314	0.266582	0.259526	0.601287
2021-07-29 06:14:41.000000 	-66.000000	54.830962	-159.589564	84.400065	-0.036554	-0.023480	0.016313	0.278714	0.226106	0.413295	-0.142500	-0.025303	0.009258	0.037784	0.206368	0.200906	0.465475
2021-07-29 06:14:42.000000 	-65.000000	54.830962	-159.589564	84.400065	-0.034133	-0.007857	0.018533	0.368644	0.299072	0.546660	-0.196399	-0.017716	-0.004539	0.035154	0.272958	0.265735	0.615677
2021-07-29 06:14:43.000000 	-64.000000	54.830962	-159.589564	84.400065	-0.041699	-0.016313	0.016243	0.269031	0.218266	0.398954	-0.136229	-0.027242	0.000747	0.039065	0.199203	0.193933	0.449321
2021-07-29 06:14:44.000000 	-63.000000	54.830962	-159.589564	84.400065	-0.029428	-0.012206	0.007629	0.285501	0.231635	0.423386	-0.153222	-0.021631	0.001177	0.024574	0.211401	0.205808	0.476837
2021-07-29 06:14:45.000000 	-62.000000	54.830962	-159.589564	84.400065	-0.037778	-0.019273	0.028377	0.369004	0.299394	0.547230	-0.190503	-0.018093	0.004888	0.047461	0.273235	0.266007	0.616315
2021-07-29 06:14:46.000000 	-61.000000	54.830962	-159.589564	84.400065	-0.026297	-0.002308	0.002092	0.325071	0.263757	0.482089	-0.180261	-0.019600	-0.007007	0.016369	0.240708	0.234341	0.542949
2021-07-29 06:14:47.000000 	-60.000000	54.830962	-159.589564	84.400065	-0.033115	-0.016381	0.007165	0.305325	0.247744	0.452814	-0.163387	-0.025914	0.003804	0.027024	0.226089	0.220109	0.509977
2021-07-29 06:14:48.000000 	-59.000000	54.830962	-159.589564	84.400065	-0.042737	-0.016647	0.025472	0.247393	0.200744	0.366906	-0.119706	-0.022816	0.000697	0.047237	0.183193	0.178349	0.413223
2021-07-29 06:14:49.000000 	-58.000000	54.830962	-159.589564	84.400065	-0.024482	-0.014723	0.012418	0.378524	0.307158	0.561397	-0.206448	-0.015801	0.005261	0.026325	0.280299	0.272887	0.632264
2021-07-29 06:14:50.000000 	-57.000000	54.830962	-159.589564	84.400065	-0.048209	-0.008939	0.023641	0.336691	0.273222	0.499365	-0.171658	-0.025866	-0.008434	0.047145	0.249325	0.242733	0.562400
2021-07-29 06:14:51.000000 	-56.000000	54.830962	-159.589564	84.400065	-0.028535	-0.017360	0.009093	0.238834	0.193818	0.354236	-0.125159	-0.021573	0.006319	0.026324	0.176863	0.172187	0.398950
2021-07-29 06:14:52.000000 	-55.000000	54.830962	-159.589564	84.400065	-0.037003	-0.009474	0.014600	0.333378	0.270551	0.494472	-0.176490	-0.022641	-0.004025	0.033813	0.246878	0.240351	0.556887
2021-07-29 06:14:53.000000 	-54.000000	54.830962	-159.589564	84.400065	-0.035693	-0.013847	0.008534	0.324659	0.263484	0.481550	-0.173667	-0.026378	0.000530	0.029025	0.240425	0.234069	0.542333
2021-07-29 06:14:54.000000 	-53.000000	54.830962	-159.589564	84.400065	-0.030481	-0.018394	0.015385	0.353505	0.286904	0.524348	-0.188733	-0.019735	0.006609	0.032726	0.261790	0.254871	0.590531
2021-07-29 06:14:55.000000 	-52.000000	54.830962	-159.589564	84.400065	-0.040788	-0.016188	0.016091	0.272867	0.221466	0.404747	-0.138837	-0.026596	0.000947	0.038424	0.202076	0.196735	0.455834
2021-07-29 06:14:56.000000 	-51.000000	54.830962	-159.589564	84.400065	-0.029992	-0.004015	0.011350	0.373643	0.303268	0.554242	-0.203675	-0.017585	-0.006696	0.026275	0.276711	0.269399	0.624196
2021-07-29 06:14:57.000000 	-50.000000	54.830962	-159.589564	84.400065	-0.040873	-0.020830	0.021184	0.240125	0.194904	0.356195	-0.117182	-0.025051	0.005268	0.043565	0.177833	0.173134	0.401152
2021-07-29 06:14:58.000000 	-49.000000	54.830962	-159.589564	84.400065	-0.025608	-0.008579	0.017835	0.393840	0.319682	0.584225	-0.213572	-0.011792	-0.000891	0.030126	0.291676	0.283969	0.657961
2021-07-29 06:14:59.000000 	-48.000000	54.830962	-159.589564	84.400065	-0.041578	-0.011512	0.005892	0.200207	0.162514	0.296995	-0.100351	-0.031742	-0.003711	0.029574	0.148274	0.144357	0.334478
2021-07-29 06:15:00.000000 	-47.000000	54.830962	-159.589564	84.400065	-0.025256	-0.008998	0.024429	0.330146	0.267999	0.489762	-0.174059	-0.007843	-0.000375	0.035411	0.244511	0.238052	0.551572
2021-07-29 06:15:01.000000 	-46.000000	54.830962	-159.589564	84.400065	-0.051461	-0.026576	0.028892	0.376453	0.305600	0.558470	-0.189917	-0.030361	0.006961	0.056737	0.278811	0.271446	0.628950
2021-07-29 06:15:02.000000 	-45.000000	54.830962	-159.589564	84.400065	-0.025043	-0.008961	-0.009105	0.324605	0.263519	0.481563	-0.183960	-0.026986	-0.000335	0.007876	0.240414	0.234064	0.542336
2021-07-29 06:15:03.000000 	-44.000000	54.830962	-159.589564	84.400065	-0.040436	-0.008632	0.031395	0.346246	0.281097	0.513680	-0.176500	-0.015357	-0.006012	0.049227	0.256446	0.249673	0.578504
2021-07-29 06:15:04.000000 	-43.000000	54.830962	-159.589564	84.400065	-0.030496	-0.026428	0.013697	0.287966	0.233791	0.427226	-0.150268	-0.023009	0.014134	0.032968	0.213284	0.207652	0.481140
2021-07-29 06:15:05.000000 	-42.000000	54.830962	-159.589564	84.400065	-0.023373	-0.002928	0.016928	0.312344	0.253591	0.463403	-0.167845	-0.008991	-0.005407	0.027043	0.231343	0.225234	0.521881
2021-07-29 06:15:06.000000 	-41.000000	54.830962	-159.589564	84.400065	-0.043962	-0.019190	0.013219	0.297696	0.241707	0.441681	-0.153117	-0.031538	0.002653	0.038393	0.220497	0.214676	0.497416
2021-07-29 06:15:07.000000 	-40.000000	54.830962	-159.589564	84.400065	-0.030378	-0.000608	0.007511	0.356195	0.289213	0.528485	-0.195280	-0.019121	-0.010024	0.022661	0.263829	0.256865	0.595173
2021-07-29 06:15:08.000000 	-39.000000	54.830962	-159.589564	84.400065	-0.036146	-0.018942	0.004893	0.321300	0.260889	0.476721	-0.172396	-0.030274	0.005147	0.027318	0.237986	0.231704	0.536876
2021-07-29 06:15:09.000000 	-38.000000	54.830962	-159.589564	84.400065	-0.036219	-0.014671	0.025003	0.212892	0.172869	0.315880	-0.101972	-0.017529	0.001119	0.042937	0.157691	0.153529	0.355738
2021-07-29 06:15:10.000000 	-37.000000	54.830962	-159.589564	84.400065	-0.030889	-0.028012	0.020533	0.402539	0.326875	0.597283	-0.213934	-0.019824	0.015481	0.039087	0.298168	0.290299	0.672647
2021-07-29 06:15:11.000000 	-36.000000	54.830962	-159.589564	84.400065	-0.035398	-0.003386	0.008536	0.332427	0.269950	0.493261	-0.179381	-0.023168	-0.009171	0.026766	0.246238	0.239740	0.555499
2021-07-29 06:15:12.000000 	-35.000000	54.830962	-159.589564	84.400065	-0.043879	-0.010925	0.020868	0.308885	0.250841	0.458339	-0.157674	-0.024712	-0.005063	0.042940	0.228803	0.222766	0.516169
2021-07-29 06:15:13.000000 	-34.000000	54.830962	-159.589564	84.400065	-0.024396	-0.010854	-0.001350	0.302554	0.245708	0.448954	-0.168202	-0.022562	0.001665	0.014246	0.224117	0.218204	0.505598
2021-07-29 06:15:14.000000 	-33.000000	54.830962	-159.589564	84.400065	-0.037241	-0.016470	0.024005	0.343983	0.279363	0.510441	-0.178216	-0.019401	0.002449	0.043035	0.254809	0.248087	0.574842
2021-07-29 06:15:15.000000 	-32.000000	54.830962	-159.589564	84.400065	-0.043646	-0.020024	0.035181	0.274476	0.222921	0.407307	-0.131105	-0.018883	0.003546	0.056342	0.203324	0.197961	0.458694
2021-07-29 06:15:16.000000 	-31.000000	54.830962	-159.589564	84.400065	-0.035780	-0.014445	0.017697	0.337464	0.274088	0.500789	-0.177534	-0.021337	0.001060	0.036683	0.249988	0.243394	0.563969
2021-07-29 06:15:17.000000 	-30.000000	54.830962	-159.589564	84.400065	-0.033327	-0.000035	0.015970	0.324663	0.263699	0.481802	-0.172891	-0.016344	-0.011590	0.031052	0.240508	0.234165	0.542586
2021-07-29 06:15:18.000000 	-29.000000	54.830962	-159.589564	84.400065	-0.034084	-0.013586	0.002292	0.308461	0.250548	0.457768	-0.167160	-0.028666	0.000847	0.023002	0.228509	0.222483	0.515518
2021-07-29 06:15:19.000000 	-28.000000	54.830962	-159.589564	84.400065	-0.030486	-0.018625	0.026189	0.321930	0.261497	0.477767	-0.166167	-0.013581	0.006824	0.041607	0.238491	0.232202	0.538038
2021-07-29 06:15:20.000000 	-27.000000	54.830962	-159.589564	84.400065	-0.030072	-0.010209	0.006816	0.328563	0.266894	0.487621	-0.178664	-0.022024	-0.000919	0.023856	0.243408	0.236990	0.549135
2021-07-29 06:15:21.000000 	-26.000000	54.830962	-159.589564	84.400065	-0.049935	-0.019184	0.022999	0.320857	0.260643	0.476194	-0.161132	-0.030479	0.000565	0.049611	0.237702	0.231436	0.536265
2021-07-29 06:15:22.000000 	-25.000000	54.830962	-159.589564	84.400065	-0.033131	-0.013570	0.008673	0.276706	0.224786	0.410677	-0.146538	-0.024256	0.001164	0.027701	0.204997	0.199593	0.462481
2021-07-29 06:15:23.000000 	-24.000000	54.830962	-159.589564	84.400065	-0.037339	-0.009198	0.014965	0.294439	0.239199	0.437004	-0.153684	-0.022609	-0.004401	0.034238	0.218137	0.212388	0.492129
2021-07-29 06:15:24.000000 	-23.000000	54.830962	-159.589564	84.400065	-0.029560	-0.011593	0.016319	0.411192	0.334060	0.610302	-0.222931	-0.016552	0.000556	0.031626	0.304640	0.296611	0.687285
2021-07-29 06:15:25.000000 	-22.000000	54.830962	-159.589564	84.400065	-0.024802	-0.015167	0.008604	0.237910	0.193288	0.353119	-0.126209	-0.018370	0.005565	0.023469	0.176262	0.171617	0.397660
2021-07-29 06:15:26.000000 	-21.000000	54.830962	-159.589564	84.400065	-0.052377	-0.019556	0.020624	0.330356	0.268405	0.490343	-0.166805	-0.033824	0.000062	0.049062	0.244758	0.238308	0.552191
2021-07-29 06:15:27.000000 	-20.000000	54.830962	-159.589564	84.400065	-0.026906	-0.011265	0.005518	0.269756	0.219177	0.400403	-0.145780	-0.020646	0.001174	0.021298	0.199863	0.194597	0.450906
2021-07-29 06:15:28.000000 	-19.000000	54.830962	-159.589564	84.400065	-0.047474	-0.015648	0.033663	0.361274	0.293545	0.536256	-0.181680	-0.021443	-0.001891	0.056289	0.267673	0.260620	0.603893
2021-07-29 06:15:29.000000 	-18.000000	54.830962	-159.589564	84.400065	-0.019578	-0.012308	0.003404	0.370248	0.300847	0.549588	-0.206849	-0.016547	0.004707	0.015824	0.274326	0.267099	0.618905
2021-07-29 06:15:30.000000 	-17.000000	54.830962	-159.589564	84.400065	-0.049563	-0.018923	0.040510	0.294198	0.239060	0.436709	-0.138914	-0.020033	0.000450	0.063672	0.217981	0.212239	0.491788
2021-07-29 06:15:31.000000 	-16.000000	54.830962	-159.589564	84.400065	-0.010618	0.006039	-0.008220	0.283193	0.230125	0.420382	-0.165130	-0.011148	-0.009363	-0.002200	0.209831	0.204304	0.473400
2021-07-29 06:15:32.000000 	-15.000000	54.830962	-159.589564	84.400065	-0.048346	-0.019015	0.019704	0.364315	0.296056	0.540814	-0.188265	-0.031111	0.000960	0.046025	0.269942	0.262833	0.609020
2021-07-29 06:15:33.000000 	-14.000000	54.830962	-159.589564	84.400065	-0.040534	-0.011056	0.012067	0.308963	0.251084	0.458655	-0.162132	-0.027256	-0.003774	0.033967	0.228932	0.222903	0.516498
2021-07-29 06:15:34.000000 	-13.000000	54.830962	-159.589564	84.400065	-0.038315	-0.016537	0.024348	0.273116	0.221960	0.405449	-0.136566	-0.020045	0.002137	0.043909	0.202374	0.197045	0.456581
2021-07-29 06:15:35.000000 	-12.000000	54.830962	-159.589564	84.400065	-0.027142	-0.006095	0.023431	0.309153	0.251256	0.458957	-0.162136	-0.009036	-0.003753	0.035030	0.229080	0.223048	0.516835
2021-07-29 06:15:36.000000 	-11.000000	54.830962	-159.589564	84.400065	-0.040052	-0.020750	0.008644	0.320703	0.260652	0.476113	-0.169318	-0.031622	0.005480	0.032856	0.237642	0.231386	0.536154
2021-07-29 06:15:37.000000 	-10.000000	54.830962	-159.589564	84.400065	-0.035736	-0.012073	0.016823	0.330300	0.268461	0.490371	-0.174027	-0.021130	-0.001148	0.035469	0.244757	0.238314	0.552208
2021-07-29 06:15:38.000000 	-9.000000	54.830962	-159.589564	84.400065	-0.042093	-0.020542	0.025754	0.314032	0.255247	0.466229	-0.158302	-0.023271	0.004572	0.047902	0.232706	0.226581	0.525020
2021-07-29 06:15:39.000000 	-8.000000	54.830962	-159.589564	84.400065	-0.025098	-0.004904	-0.003139	0.346485	0.281635	0.514420	-0.194901	-0.022434	-0.004157	0.011968	0.256758	0.250000	0.579286
2021-07-29 06:15:40.000000 	-7.000000	54.830962	-159.589564	84.400065	-0.028644	-0.007506	0.010255	0.341229	0.277372	0.506627	-0.185419	-0.018178	-0.002955	0.025353	0.252868	0.246213	0.570510
2021-07-29 06:15:41.000000 	-6.000000	54.830962	-159.589564	84.400065	-0.043543	-0.016735	0.025065	0.310587	0.252473	0.461142	-0.156581	-0.023693	0.000498	0.047357	0.230164	0.224107	0.519287
2021-07-29 06:15:42.000000 	-5.000000	54.830962	-159.589564	84.400065	-0.037709	-0.013055	0.013323	0.263116	0.213892	0.390668	-0.135573	-0.024938	-0.000916	0.033870	0.194988	0.189857	0.439926
2021-07-29 06:15:43.000000 	-4.000000	54.830962	-159.589564	84.400065	-0.043083	-0.023232	0.039311	0.368927	0.299918	0.547784	-0.184335	-0.016987	0.006748	0.060059	0.273406	0.266212	0.616851
2021-07-29 06:15:44.000000 	-3.000000	54.830962	-159.589564	84.400065	-0.037751	-0.007266	0.009039	0.302623	0.246025	0.449345	-0.160839	-0.025788	-0.006356	0.029228	0.224273	0.218372	0.505999
2021-07-29 06:15:45.000000 	-2.000000	54.830962	-159.589564	84.400065	-0.039207	-0.012892	0.007041	0.282641	0.229788	0.419683	-0.148912	-0.029658	-0.001590	0.029511	0.209467	0.203957	0.472596
2021-07-29 06:15:46.000000 	-1.000000	54.830962	-159.589564	84.400065	-0.030690	-0.004016	0.024588	0.398677	0.324136	0.591992	-0.212902	-0.010495	-0.006939	0.037474	0.295467	0.287695	0.666628
2021-07-29 06:15:47.000000 	0.000000	54.830962	-159.589564	84.400065	-0.034071	-0.019720	0.011876	0.302755	0.246158	0.449568	-0.159531	-0.024885	0.006600	0.032062	0.224381	0.218480	0.506247
2021-07-29 06:15:48.000000 	1.000000	54.830962	-159.589564	84.400065	-0.029423	-0.013056	0.013982	0.285163	0.231862	0.423453	-0.150596	-0.018210	0.001976	0.029936	0.211346	0.205788	0.476838
2021-07-29 06:15:49.000000 	2.000000	54.830962	-159.589564	84.400065	-0.039405	-0.010112	0.015845	0.311689	0.253439	0.462853	-0.162741	-0.023946	-0.004265	0.036256	0.231010	0.224935	0.521203
2021-07-29 06:15:50.000000 	3.000000	54.830962	-159.589564	84.400065	-0.040244	-0.017415	0.028558	0.245428	0.199568	0.364464	-0.118126	-0.019348	0.002286	0.048568	0.181903	0.177120	0.410410
2021-07-29 06:15:51.000000 	4.000000	54.830962	-159.589564	84.400065	-0.024202	0.000615	-0.001954	0.377173	0.306706	0.560118	-0.213083	-0.019492	-0.009017	0.011344	0.279553	0.272202	0.630727
2021-07-29 06:15:52.000000 	5.000000	54.830962	-159.589564	84.400065	-0.044119	-0.018658	0.027374	0.319666	0.259952	0.474727	-0.160615	-0.023353	0.002100	0.049942	0.236933	0.230704	0.534570
2021-07-29 06:15:53.000000 	6.000000	54.830962	-159.589564	84.400065	-0.028114	-0.017925	0.006202	0.340267	0.276714	0.505330	-0.185449	-0.023076	0.006995	0.023847	0.252206	0.245576	0.569030
2021-07-29 06:15:54.000000 	7.000000	54.830962	-159.589564	84.400065	-0.036048	-0.012653	0.013534	0.324289	0.263730	0.481612	-0.171693	-0.023430	-0.000713	0.033065	0.240368	0.234049	0.542320
2021-07-29 06:15:55.000000 	8.000000	54.830962	-159.589564	84.400065	-0.035190	-0.005430	0.010150	0.311349	0.253215	0.462403	-0.166460	-0.022662	-0.007183	0.028385	0.230780	0.224714	0.520689
2021-07-29 06:15:56.000000 	9.000000	54.830962	-159.589564	84.400065	-0.046894	-0.021667	0.019315	0.265584	0.216002	0.394442	-0.130924	-0.030979	0.003953	0.045456	0.196861	0.191687	0.444160
2021-07-29 06:15:57.000000 	10.000000	54.830962	-159.589564	84.400065	-0.024515	-0.010759	0.014790	0.312018	0.253776	0.463415	-0.167515	-0.013330	0.001534	0.027485	0.231283	0.225205	0.521825
2021-07-29 06:15:58.000000 	11.000000	54.830962	-159.589564	84.400065	-0.039609	-0.018472	0.022394	0.365084	0.296948	0.542241	-0.190334	-0.022713	0.003499	0.043399	0.270623	0.263512	0.610585
2021-07-29 06:15:59.000000 	12.000000	54.830962	-159.589564	84.400065	-0.028907	-0.002398	0.001856	0.313740	0.255195	0.465991	-0.173167	-0.021762	-0.007833	0.017604	0.232567	0.226457	0.524723
2021-07-29 06:16:00.000000 	13.000000	54.830962	-159.589564	84.400065	-0.034078	-0.016272	0.016787	0.331637	0.269762	0.492583	-0.174882	-0.021078	0.003366	0.035387	0.245838	0.239379	0.554665
2021-07-29 06:16:01.000000 	14.000000	54.830962	-159.589564	84.400065	-0.043439	-0.020739	0.026944	0.296830	0.241457	0.440892	-0.147444	-0.023673	0.004288	0.049641	0.220040	0.214259	0.496458
2021-07-29 06:16:02.000000 	15.000000	54.830962	-159.589564	84.400065	-0.038775	-0.012644	0.024399	0.355943	0.289553	0.528706	-0.185115	-0.019258	-0.001672	0.043417	0.263865	0.256933	0.595338
2021-07-29 06:16:03.000000 	16.000000	54.830962	-159.589564	84.400065	-0.037412	-0.003982	0.025758	0.305107	0.248207	0.453204	-0.156240	-0.014961	-0.009315	0.042052	0.226183	0.220242	0.510319
2021-07-29 06:16:04.000000 	17.000000	54.830962	-159.589564	84.400065	-0.029136	-0.023377	0.015375	0.296239	0.241002	0.440041	-0.155355	-0.020131	0.011748	0.032992	0.219613	0.213845	0.495496
2021-07-29 06:16:05.000000 	18.000000	54.830962	-159.589564	84.400065	-0.038164	-0.008713	0.003500	0.310577	0.252676	0.461349	-0.167353	-0.029707	-0.005144	0.025214	0.230246	0.224200	0.519487
2021-07-29 06:16:06.000000 	19.000000	54.830962	-159.589564	84.400065	-0.034087	-0.012461	0.021060	0.331669	0.269844	0.492688	-0.173664	-0.017537	-0.000209	0.038120	0.245886	0.239429	0.554775
2021-07-29 06:16:07.000000 	20.000000	54.830962	-159.589564	84.400065	-0.032621	-0.012790	0.003544	0.288721	0.234910	0.428898	-0.155815	-0.026597	0.000611	0.023076	0.214050	0.208429	0.482945
2021-07-29 06:16:08.000000 	21.000000	54.830962	-159.589564	84.400065	-0.037516	-0.013798	0.030789	0.352066	0.286460	0.523009	-0.180584	-0.014941	-0.000152	0.048192	0.261017	0.254164	0.588913
2021-07-29 06:16:09.000000 	22.000000	54.830962	-159.589564	84.400065	-0.035961	-0.014135	0.012562	0.267287	0.217486	0.397073	-0.138755	-0.024345	0.000707	0.032521	0.198166	0.192963	0.447107
2021-07-29 06:16:10.000000 	23.000000	54.830962	-159.589564	84.400065	-0.045273	-0.014620	0.030032	0.319626	0.260082	0.474836	-0.159702	-0.021555	-0.002087	0.051927	0.236974	0.230753	0.534667
2021-07-29 06:16:11.000000 	24.000000	54.830962	-159.589564	84.400065	-0.020926	-0.015488	-0.001909	0.332628	0.270672	0.494162	-0.186443	-0.021547	0.007218	0.012847	0.246618	0.240145	0.556427
2021-07-29 06:16:12.000000 	25.000000	54.830962	-159.589564	84.400065	-0.036544	-0.009150	0.017903	0.331845	0.270044	0.493008	-0.174664	-0.020294	-0.004169	0.036201	0.246042	0.239584	0.555126
2021-07-29 06:16:13.000000 	26.000000	54.830962	-159.589564	84.400065	-0.031389	-0.013312	0.004534	0.262026	0.213235	0.389288	-0.140199	-0.025232	0.001529	0.023325	0.194279	0.189180	0.438336
2021-07-29 06:16:14.000000 	27.000000	54.830962	-159.589564	84.400065	-0.034768	-0.010911	0.027013	0.287102	0.233650	0.426551	-0.145382	-0.014189	-0.001899	0.043042	0.212875	0.207289	0.480293
2021-07-29 06:16:15.000000 	28.000000	54.830962	-159.589564	84.400065	-0.035841	-0.013546	0.010821	0.373932	0.304326	0.555568	-0.201637	-0.025089	0.000196	0.030915	0.277261	0.269986	0.625563
2021-07-29 06:16:16.000000 	29.000000	54.830962	-159.589564	84.400065	-0.052913	-0.012096	0.019794	0.282883	0.230233	0.420299	-0.140087	-0.032586	-0.007116	0.047175	0.209754	0.204250	0.473251
2021-07-29 06:16:17.000000 	30.000000	54.830962	-159.589564	84.400065	-0.032639	-0.014291	0.034700	0.386130	0.314275	0.573712	-0.200110	-0.009093	0.002012	0.048856	0.286315	0.278804	0.645990
2021-07-29 06:16:18.000000 	31.000000	54.830962	-159.589564	84.400065	-0.035745	-0.006190	0.000330	0.267622	0.217828	0.397640	-0.144499	-0.028960	-0.006664	0.020809	0.198445	0.193239	0.447735
2021-07-29 06:16:19.000000 	32.000000	54.830962	-159.589564	84.400065	-0.043071	-0.009968	0.018708	0.335091	0.272753	0.497898	-0.174275	-0.025064	-0.005679	0.040546	0.248478	0.241961	0.560621
2021-07-29 06:16:20.000000 	33.000000	54.830962	-159.589564	84.400065	-0.031968	-0.008266	0.036562	0.248644	0.202396	0.369457	-0.120218	-0.005789	-0.003401	0.048805	0.184379	0.179543	0.415999
2021-07-29 06:16:21.000000 	34.000000	54.830962	-159.589564	84.400065	-0.027315	0.001440	0.012640	0.373602	0.304122	0.555141	-0.204610	-0.013237	-0.010875	0.024789	0.277045	0.269779	0.625073
2021-07-29 06:16:22.000000 	35.000000	54.830962	-159.589564	84.400065	-0.051262	-0.016606	0.035398	0.263210	0.214267	0.391115	-0.122642	-0.023618	-0.002314	0.059945	0.195187	0.190068	0.440382
2021-07-29 06:16:23.000000 	36.000000	54.830962	-159.589564	84.400065	-0.012003	-0.001402	-0.016522	0.385980	0.314220	0.573556	-0.227027	-0.019112	-0.002872	-0.006745	0.286234	0.278728	0.645803
2021-07-29 06:16:24.000000 	37.000000	54.830962	-159.589564	84.400065	-0.044730	-0.003394	0.029507	0.252602	0.205646	0.375367	-0.122033	-0.018241	-0.012418	0.048949	0.187327	0.182416	0.422649
2021-07-29 06:16:25.000000 	38.000000	54.830962	-159.589564	84.400065	-0.036072	-0.021550	0.009568	0.403590	0.328579	0.599747	-0.218420	-0.028268	0.007617	0.031622	0.299304	0.291457	0.675290
2021-07-29 06:16:26.000000 	39.000000	54.830962	-159.589564	84.400065	-0.036821	-0.003523	0.022282	0.222712	0.181325	0.330963	-0.109826	-0.016380	-0.009539	0.038799	0.165167	0.160837	0.372649
2021-07-29 06:16:27.000000 	40.000000	54.830962	-159.589564	84.400065	-0.028565	-0.006270	0.009961	0.327600	0.266732	0.486842	-0.177885	-0.017935	-0.004085	0.024822	0.242958	0.236589	0.548160
2021-07-29 06:16:28.000000 	41.000000	54.830962	-159.589564	84.400065	-0.028724	-0.001207	0.013671	0.345507	0.281321	0.513463	-0.187279	-0.014476	-0.008886	0.026924	0.256243	0.249526	0.578133
2021-07-29 06:16:29.000000 	42.000000	54.830962	-159.589564	84.400065	-0.054769	-0.022904	0.014656	0.320089	0.260634	0.475697	-0.162056	-0.040048	0.002366	0.046147	0.237396	0.231174	0.535609
2021-07-29 06:16:30.000000 	43.000000	54.830962	-159.589564	84.400065	-0.037087	-0.013921	0.030166	0.328037	0.267116	0.487519	-0.167024	-0.015007	0.000113	0.047476	0.243295	0.236919	0.548918
2021-07-29 06:16:31.000000 	44.000000	54.830962	-159.589564	84.400065	-0.049451	-0.000351	0.009478	0.381692	0.310817	0.567270	-0.203998	-0.032527	-0.016916	0.034513	0.283094	0.275676	0.638711
2021-07-29 06:16:32.000000 	45.000000	54.830962	-159.589564	84.400065	-0.047458	-0.026523	0.024435	0.254603	0.207334	0.378398	-0.121820	-0.029846	0.008307	0.050921	0.188838	0.183890	0.426051
2021-07-29 06:16:33.000000 	46.000000	54.830962	-159.589564	84.400065	-0.049934	-0.029431	-0.002197	0.399236	0.325127	0.593367	-0.215317	-0.047912	0.010169	0.031072	0.296117	0.288358	0.668091
2021-07-29 06:16:34.000000 	47.000000	54.830962	-159.589564	84.400065	-0.016992	0.000363	0.038755	0.245904	0.200265	0.365483	-0.122435	0.009408	-0.006266	0.040781	0.182393	0.177614	0.411508
2021-07-29 06:16:35.000000 	48.000000	54.830962	-159.589564	84.400065	-0.045204	-0.035075	0.007666	0.316438	0.257717	0.470326	-0.163853	-0.040216	0.017109	0.037715	0.234714	0.228565	0.529552
2021-07-29 06:16:36.000000 	49.000000	54.830962	-159.589564	84.400065	-0.053565	-0.023331	0.017881	0.250719	0.204200	0.372653	-0.120439	-0.037390	0.003186	0.048220	0.185970	0.181099	0.419579
2021-07-29 06:16:37.000000 	50.000000	54.830962	-159.589564	84.400065	-0.018153	-0.035041	0.006873	0.395771	0.322350	0.588260	-0.217970	-0.019939	0.026510	0.022456	0.293568	0.285878	0.662334
2021-07-29 06:16:38.000000 	51.000000	54.830962	-159.589564	84.400065	-0.049767	-0.012477	0.029032	0.284743	0.231928	0.423240	-0.138657	-0.024963	-0.005663	0.053104	0.211216	0.205684	0.476533
2021-07-29 06:16:39.000000 	52.000000	54.830962	-159.589564	84.400065	-0.000639	-0.020813	0.008250	0.296741	0.241710	0.441083	-0.166137	-0.001671	0.019283	0.011270	0.220120	0.214355	0.496621
2021-07-29 06:16:40.000000 	53.000000	54.830962	-159.589564	84.400065	-0.035766	-0.005495	0.006616	0.338359	0.275619	0.502954	-0.183485	-0.025157	-0.007323	0.025820	0.250996	0.244423	0.566281
2021-07-29 06:16:41.000000 	54.000000	54.830962	-159.589564	84.400065	-0.050806	-0.018810	0.010716	0.312268	0.254375	0.464180	-0.160713	-0.038115	-0.000089	0.039965	0.231646	0.225580	0.522623
2021-07-29 06:16:42.000000 	55.000000	54.830962	-159.589564	84.400065	-0.029779	0.001455	0.001628	0.213676	0.174067	0.317630	-0.115100	-0.021462	-0.011749	0.017114	0.158511	0.154361	0.357621
2021-07-29 06:16:43.000000 	56.000000	54.830962	-159.589564	84.400065	-0.027802	-0.000732	0.042501	0.368397	0.300119	0.547634	-0.189276	0.002971	-0.009010	0.049898	0.273293	0.266138	0.616581
2021-07-29 06:16:44.000000 	57.000000	54.830962	-159.589564	84.400065	-0.014970	-0.011766	-0.014681	0.344178	0.280399	0.511641	-0.200179	-0.023279	0.005806	-0.001556	0.255331	0.248647	0.576055
2021-07-29 06:16:45.000000 	58.000000	54.830962	-159.589564	84.400065	-0.040252	-0.014943	0.040806	0.297714	0.242554	0.442577	-0.144154	-0.011594	-0.000032	0.058088	0.220865	0.215084	0.498295
2021-07-29 06:16:46.000000 	59.000000	54.830962	-159.589564	84.400065	-0.026681	-0.009200	0.029410	0.310683	0.253129	0.461866	-0.160614	-0.006124	-0.000682	0.040293	0.230491	0.224458	0.520010
2021-07-29 06:16:47.000000 	60.000000	54.830962	-159.589564	84.400065	-0.037726	-0.011321	0.000362	0.360458	0.293694	0.535872	-0.197585	-0.031922	-0.002547	0.022936	0.267423	0.260424	0.603331
2021-07-29 06:16:48.000000 	61.000000	54.830962	-159.589564	84.400065	-0.052045	-0.019749	0.028787	0.321734	0.262152	0.478313	-0.158934	-0.028922	0.000359	0.055595	0.238699	0.232452	0.538525
2021-07-29 06:16:49.000000 	62.000000	54.830962	-159.589564	84.400065	-0.032160	-0.023864	0.010816	0.319253	0.260139	0.474632	-0.169726	-0.025212	0.011150	0.030996	0.236862	0.230664	0.534379
2021-07-29 06:16:50.000000 	63.000000	54.830962	-159.589564	84.400065	-0.026614	-0.002002	0.032251	0.286713	0.233633	0.426264	-0.146232	-0.002384	-0.007405	0.041133	0.212724	0.207158	0.479921
2021-07-29 06:16:51.000000 	64.000000	54.830962	-159.589564	84.400065	-0.047059	-0.016553	0.009313	0.306573	0.249826	0.455798	-0.159366	-0.035409	-0.000898	0.036342	0.227463	0.221512	0.513172
2021-07-29 06:16:52.000000 	65.000000	54.830962	-159.589564	84.400065	-0.042722	-0.013932	0.028976	0.319409	0.260295	0.474890	-0.160924	-0.020013	-0.001842	0.049548	0.236991	0.230791	0.534665
2021-07-29 06:16:53.000000 	66.000000	54.830962	-159.589564	84.400065	-0.028124	0.001017	0.012364	0.336415	0.274163	0.500183	-0.182949	-0.014136	-0.010761	0.025085	0.249614	0.243084	0.563140
2021-07-29 06:16:54.000000 	67.000000	54.830962	-159.589564	84.400065	-0.052227	-0.002029	0.038506	0.302686	0.246685	0.450044	-0.145653	-0.018412	-0.016312	0.060078	0.224592	0.218717	0.506688
2021-07-29 06:16:55.000000 	68.000000	54.830962	-159.589564	84.400065	-0.017209	-0.007152	0.019493	0.302580	0.246608	0.449895	-0.162626	-0.003996	0.000701	0.026661	0.224518	0.218645	0.506519
2021-07-29 06:16:56.000000 	69.000000	54.830962	-159.589564	84.400065	-0.045463	-0.012864	0.016674	0.410061	0.334218	0.609714	-0.217855	-0.028894	-0.003798	0.040756	0.304275	0.296317	0.686451
2021-07-29 06:16:57.000000 	70.000000	54.830962	-159.589564	84.400065	-0.040815	-0.005546	0.022532	0.244492	0.199279	0.363539	-0.121115	-0.019873	-0.009036	0.041566	0.181423	0.176678	0.409292
2021-07-29 06:16:58.000000 	71.000000	54.830962	-159.589564	84.400065	-0.018916	-0.013945	0.000094	0.345101	0.281293	0.513146	-0.193783	-0.018414	0.006473	0.013090	0.256083	0.249387	0.577726
2021-07-29 06:16:59.000000 	72.000000	54.830962	-159.589564	84.400065	-0.036937	-0.023796	0.031782	0.283553	0.231133	0.421634	-0.139448	-0.016776	0.009421	0.050700	0.210415	0.204913	0.474696
2021-07-29 06:17:00.000000 	73.000000	54.830962	-159.589564	84.400065	-0.008853	-0.021758	-0.000663	0.273979	0.223337	0.407405	-0.154357	-0.013367	0.017304	0.008608	0.203315	0.197999	0.458675
2021-07-29 06:17:01.000000 	74.000000	54.830962	-159.589564	84.400065	-0.042514	-0.006371	0.031894	0.361024	0.294304	0.536851	-0.184847	-0.016017	-0.008856	0.050302	0.267915	0.260910	0.604409
2021-07-29 06:17:02.000000 	75.000000	54.830962	-159.589564	84.400065	-0.057294	-0.024264	0.008572	0.268037	0.218510	0.398584	-0.132731	-0.045875	0.002760	0.042810	0.198913	0.193713	0.448741
2021-07-29 06:17:03.000000 	76.000000	54.830962	-159.589564	84.400065	-0.020179	-0.005695	0.006481	0.361247	0.294507	0.537202	-0.201252	-0.013350	-0.001700	0.017335	0.268090	0.261082	0.604801
2021-07-29 06:17:04.000000 	77.000000	54.830962	-159.589564	84.400065	-0.036756	-0.013161	0.020152	0.330321	0.269304	0.491221	-0.172573	-0.020304	-0.000483	0.038959	0.245144	0.238736	0.553032
2021-07-29 06:17:05.000000 	78.000000	54.830962	-159.589564	84.400065	-0.054890	-0.015762	0.042712	0.326527	0.266221	0.485588	-0.155919	-0.021945	-0.004370	0.067712	0.242333	0.235999	0.546689
2021-07-29 06:17:06.000000 	79.000000	54.830962	-159.589564	84.400065	-0.032713	-0.015752	0.012544	0.442256	0.360589	0.657703	-0.241498	-0.022328	0.003354	0.031077	0.328228	0.319649	0.740458
2021-07-29 06:17:07.000000 	80.000000	54.830962	-159.589564	84.400065	-0.043989	-0.022054	0.017922	0.179786	0.146592	0.267375	-0.081948	-0.029666	0.005329	0.042827	0.133434	0.129947	0.301016
2021-07-29 06:17:08.000000 	81.000000	54.830962	-159.589564	84.400065	-0.037514	-0.009677	0.008119	0.386492	0.315146	0.574795	-0.210097	-0.026824	-0.004013	0.028832	0.286853	0.279357	0.647115
2021-07-29 06:17:09.000000 	82.000000	54.830962	-159.589564	84.400065	-0.018496	-0.013548	0.006643	0.166729	0.135956	0.247965	-0.087665	-0.014207	0.006247	0.018136	0.123748	0.120514	0.279163
2021-07-29 06:17:10.000000 	83.000000	54.830962	-159.589564	84.400065	-0.050447	-0.004287	0.018500	0.434277	0.354135	0.645883	-0.230691	-0.029216	-0.013575	0.043216	0.322331	0.313910	0.727143
2021-07-29 06:17:11.000000 	84.000000	54.830962	-159.589564	84.400065	-0.020770	0.006103	0.026260	0.278632	0.227221	0.414406	-0.146245	0.000953	-0.012963	0.031453	0.206812	0.201408	0.466541
2021-07-29 06:17:12.000000 	85.000000	54.830962	-159.589564	84.400065	-0.037126	-0.014709	0.013735	0.267058	0.217790	0.397199	-0.137908	-0.024726	0.000838	0.034224	0.198225	0.193046	0.447168
2021-07-29 06:17:13.000000 	86.000000	54.830962	-159.589564	84.400065	-0.038437	-0.004466	0.012040	0.364515	0.297280	0.542159	-0.196054	-0.023786	-0.009219	0.031489	0.270569	0.263501	0.610363
2021-07-29 06:17:14.000000 	87.000000	54.830962	-159.589564	84.400065	-0.032389	-0.009802	0.043688	0.229730	0.187363	0.341692	-0.106112	-0.002445	-0.002109	0.055167	0.170525	0.166071	0.384677
2021-07-29 06:17:15.000000 	88.000000	54.830962	-159.589564	84.400065	-0.026722	-0.014014	-0.004330	0.400036	0.326273	0.595011	-0.225345	-0.026962	0.003814	0.013701	0.296946	0.289191	0.669860
2021-07-29 06:17:16.000000 	89.000000	54.830962	-159.589564	84.400065	-0.035065	-0.023729	0.001512	0.220896	0.180171	0.328565	-0.114897	-0.032758	0.010011	0.024932	0.163974	0.159692	0.369895
2021-07-29 06:17:17.000000 	90.000000	54.830962	-159.589564	84.400065	-0.046067	-0.039030	0.043565	0.326454	0.266278	0.485582	-0.155275	-0.021328	0.020514	0.068321	0.242336	0.236007	0.546662
2021-07-29 06:17:18.000000 	91.000000	54.830962	-159.589564	84.400065	-0.040451	-0.003088	-0.002325	0.313348	0.255597	0.466096	-0.171203	-0.033211	-0.011213	0.020557	0.232612	0.226538	0.524723
2021-07-29 06:17:19.000000 	92.000000	54.830962	-159.589564	84.400065	-0.030760	0.002102	0.007679	0.371809	0.303295	0.553065	-0.204806	-0.018544	-0.012697	0.022460	0.276015	0.268809	0.622630
2021-07-29 06:17:20.000000 	93.000000	54.830962	-159.589564	84.400065	-0.057206	-0.020073	0.028814	0.307957	0.251218	0.458094	-0.149315	-0.032954	-0.001137	0.058468	0.228619	0.222650	0.515711
2021-07-29 06:17:21.000000 	94.000000	54.830962	-159.589564	84.400065	-0.033290	-0.025634	0.031675	0.312191	0.254682	0.464400	-0.157025	-0.014567	0.012415	0.049013	0.231767	0.225716	0.522809
2021-07-29 06:17:22.000000 	95.000000	54.830962	-159.589564	84.400065	-0.049772	-0.029386	0.020471	0.339213	0.276736	0.504606	-0.171957	-0.034718	0.010183	0.049505	0.251833	0.245259	0.568070
2021-07-29 06:17:23.000000 	96.000000	54.830962	-159.589564	84.400065	-0.036657	-0.007448	0.008006	0.298299	0.243367	0.443751	-0.159275	-0.025596	-0.005803	0.027830	0.221463	0.215682	0.499560
2021-07-29 06:17:24.000000 	97.000000	54.830962	-159.589564	84.400065	-0.029286	-0.021267	0.015956	0.342637	0.279550	0.509716	-0.182593	-0.019309	0.009719	0.033125	0.254385	0.247745	0.573820
2021-07-29 06:17:25.000000 	98.000000	54.830962	-159.589564	84.400065	-0.042334	-0.012764	0.026100	0.272883	0.222647	0.405955	-0.135228	-0.021038	-0.002801	0.046753	0.202601	0.197314	0.457008
2021-07-29 06:17:26.000000 	99.000000	54.830962	-159.589564	84.400065	-0.027693	0.009137	-0.001477	0.279244	0.227846	0.415426	-0.155900	-0.019463	-0.018221	0.011906	0.207328	0.201918	0.467668
2021-07-29 06:17:27.000000 	100.000000	54.830962	-159.589564	84.400065	-0.047821	0.004206	0.038120	0.366471	0.299028	0.545201	-0.184970	-0.013482	-0.020619	0.056132	0.272097	0.264996	0.613761
2021-07-29 06:17:28.000000 	101.000000	54.830962	-159.589564	84.400065	-0.039615	-0.005989	0.048477	0.341245	0.278456	0.507681	-0.167571	-0.004136	-0.008202	0.062216	0.253373	0.246761	0.571522
2021-07-29 06:17:29.000000 	102.000000	54.830962	-159.589564	84.400065	-0.018018	-0.021771	0.023195	0.244034	0.199138	0.363063	-0.125264	-0.006651	0.014121	0.033061	0.181197	0.176469	0.408717
2021-07-29 06:17:30.000000 	103.000000	54.830962	-159.589564	84.400065	-0.006454	-0.010759	0.006985	0.371884	0.303479	0.553283	-0.210295	-0.003988	0.007833	0.011355	0.276133	0.268929	0.622854
2021-07-29 06:17:31.000000 	104.000000	54.830962	-159.589564	84.400065	-0.028810	-0.022173	0.033127	0.275946	0.225197	0.410555	-0.136999	-0.009312	0.010734	0.047086	0.204901	0.199556	0.462178
2021-07-29 06:17:32.000000 	105.000000	54.830962	-159.589564	84.400065	-0.030983	-0.028343	0.006655	0.340394	0.277802	0.506450	-0.183513	-0.027984	0.015759	0.027859	0.252761	0.246168	0.570129
2021-07-29 06:17:33.000000 	106.000000	54.830962	-159.589564	84.400065	-0.039172	-0.009801	0.010503	0.293147	0.239251	0.436161	-0.154350	-0.026755	-0.004475	0.031701	0.217682	0.212004	0.491000
2021-07-29 06:17:34.000000 	107.000000	54.830962	-159.589564	84.400065	-0.048088	0.009002	0.021932	0.331113	0.270248	0.492659	-0.170987	-0.021643	-0.025207	0.042080	0.245880	0.239467	0.554600
2021-07-29 06:17:35.000000 	108.000000	54.830962	-159.589564	84.400065	-0.021416	-0.012393	-0.002648	0.320099	0.261268	0.476279	-0.179922	-0.021466	0.004146	0.011886	0.237706	0.231506	0.536159
2021-07-29 06:17:36.000000 	109.000000	54.830962	-159.589564	84.400065	-0.059614	-0.014523	0.024587	0.314104	0.256384	0.467367	-0.154405	-0.035650	-0.007178	0.055197	0.233259	0.227176	0.526125
2021-07-29 06:17:37.000000 	110.000000	54.830962	-159.589564	84.400065	-0.026268	-0.031757	0.036181	0.344873	0.281509	0.513158	-0.175345	-0.008338	0.020602	0.050136	0.256114	0.249435	0.577671
2021-07-29 06:17:38.000000 	111.000000	54.830962	-159.589564	84.400065	-0.038795	-0.008220	0.012386	0.267568	0.218416	0.398138	-0.138978	-0.024932	-0.005826	0.032719	0.198709	0.193527	0.448189
2021-07-29 06:17:39.000000 	112.000000	54.830962	-159.589564	84.400065	-0.052960	-0.015404	0.020095	0.332319	0.271282	0.494494	-0.168811	-0.033392	-0.004033	0.048110	0.246801	0.240366	0.556658
2021-07-29 06:17:40.000000 	113.000000	54.830962	-159.589564	84.400065	-0.038803	-0.011753	0.001645	0.307027	0.250645	0.456867	-0.165725	-0.032131	-0.002517	0.024653	0.228022	0.222077	0.514299
2021-07-29 06:17:41.000000 	114.000000	54.830962	-159.589564	84.400065	-0.046694	-0.021907	0.042527	0.351641	0.287077	0.523264	-0.172511	-0.017524	0.004247	0.064371	0.261162	0.254353	0.589040
2021-07-29 06:17:42.000000 	115.000000	54.830962	-159.589564	84.400065	-0.028120	-0.014209	-0.006379	0.334459	0.273060	0.497705	-0.187626	-0.029269	0.003511	0.012820	0.248406	0.241931	0.560266
2021-07-29 06:17:43.000000 	116.000000	54.830962	-159.589564	84.400065	-0.040163	-0.026079	0.030916	0.310666	0.253644	0.462306	-0.154546	-0.020397	0.010435	0.052192	0.230739	0.224725	0.520416
2021-07-29 06:17:44.000000 	117.000000	54.830962	-159.589564	84.400065	-0.043409	-0.007986	0.015119	0.290655	0.237315	0.432534	-0.150056	-0.026825	-0.007654	0.037397	0.215881	0.210254	0.486901
2021-07-29 06:17:45.000000 	118.000000	54.830962	-159.589564	84.400065	-0.026547	0.001149	0.017783	0.348929	0.284906	0.519264	-0.188703	-0.009768	-0.010335	0.028637	0.259170	0.252415	0.584530
2021-07-29 06:17:46.000000 	119.000000	54.830962	-159.589564	84.400065	-0.027104	-0.013270	0.002326	0.267764	0.218641	0.398483	-0.145872	-0.023209	0.002985	0.019198	0.198888	0.193705	0.448567
2021-07-29 06:17:47.000000 	120.000000	54.830962	-159.589564	84.400065	-0.026579	-0.008417	0.035841	0.342553	0.279720	0.509793	-0.176831	-0.002119	-0.001381	0.045337	0.254445	0.247814	0.573865
2021-07-29 06:17:48.000000 	121.000000	54.830962	-159.589564	84.400065	-0.044324	-0.011334	0.036160	0.296400	0.242042	0.441114	-0.144630	-0.016362	-0.004836	0.055763	0.220167	0.214430	0.496552
2021-07-29 06:17:49.000000 	122.000000	54.830962	-159.589564	84.400065	-0.032916	-0.014449	0.006161	0.397663	0.324746	0.591828	-0.218306	-0.025788	0.002063	0.025708	0.295393	0.287696	0.666206
2021-07-29 06:17:50.000000 	123.000000	54.830962	-159.589564	84.400065	-0.048969	-0.011971	0.039865	0.248746	0.203142	0.370205	-0.113810	-0.017968	-0.005858	0.061428	0.184777	0.179963	0.416730
2021-07-29 06:17:51.000000 	124.000000	54.830962	-159.589564	84.400065	-0.024302	-0.007931	0.028619	0.360012	0.294021	0.535811	-0.190574	-0.004395	-0.001043	0.038107	0.267436	0.260469	0.603146
2021-07-29 06:17:52.000000 	125.000000	54.830962	-159.589564	84.400065	-0.039847	-0.020214	0.031458	0.313689	0.256198	0.466875	-0.156934	-0.018171	0.005049	0.051287	0.233030	0.226959	0.525544
2021-07-29 06:17:53.000000 	126.000000	54.830962	-159.589564	84.400065	-0.036407	-0.009037	-0.010177	0.328569	0.268361	0.489030	-0.183773	-0.036331	-0.004227	0.013150	0.244089	0.237731	0.550482
2021-07-29 06:17:54.000000 	127.000000	54.830962	-159.589564	84.400065	-0.033765	-0.011614	0.043685	0.246053	0.200974	0.366223	-0.115189	-0.004017	-0.000890	0.056271	0.182793	0.178032	0.412241
2021-07-29 06:17:55.000000 	128.000000	54.830962	-159.589564	84.400065	-0.030407	-0.017498	0.014763	0.358853	0.293118	0.534121	-0.192756	-0.019781	0.005795	0.031998	0.266598	0.259654	0.601235
2021-07-29 06:17:56.000000 	129.000000	54.830962	-159.589564	84.400065	-0.031434	0.002766	0.011870	0.296778	0.242423	0.441735	-0.159470	-0.016457	-0.013554	0.026117	0.220486	0.214744	0.497239
2021-07-29 06:17:57.000000 	130.000000	54.830962	-159.589564	84.400065	-0.043739	-0.022529	0.025067	0.300156	0.245191	0.446770	-0.150138	-0.025494	0.005861	0.048628	0.223000	0.217193	0.502905
2021-07-29 06:17:58.000000 	131.000000	54.830962	-159.589564	84.400065	-0.038571	-0.007985	0.019011	0.412410	0.336902	0.613867	-0.221031	-0.020877	-0.005968	0.037966	0.306407	0.298427	0.690995
2021-07-29 06:17:59.000000 	132.000000	54.830962	-159.589564	84.400065	-0.037120	-0.022633	0.011786	0.229021	0.187097	0.340900	-0.115509	-0.028102	0.008267	0.034219	0.170158	0.165728	0.383730
2021-07-29 06:18:00.000000 	133.000000	54.830962	-159.589564	84.400065	-0.033026	-0.010808	0.017802	0.329503	0.269195	0.490476	-0.174511	-0.018129	-0.001388	0.034552	0.244820	0.238445	0.552098
2021-07-29 06:18:01.000000 	134.000000	54.830962	-159.589564	84.400065	-0.040254	-0.003575	0.022766	0.309547	0.252901	0.460779	-0.159553	-0.018746	-0.010688	0.041059	0.229998	0.224010	0.518668
2021-07-29 06:18:02.000000 	135.000000	54.830962	-159.589564	84.400065	-0.021337	-0.009229	-0.001031	0.341702	0.279182	0.508652	-0.192342	-0.019572	0.001208	0.012529	0.253895	0.247285	0.572553
2021-07-29 06:18:03.000000 	136.000000	54.830962	-159.589564	84.400065	-0.050158	-0.003933	0.029979	0.292658	0.239121	0.435653	-0.143830	-0.022281	-0.013806	0.052373	0.217459	0.211798	0.490382
2021-07-29 06:18:04.000000 	137.000000	54.830962	-159.589564	84.400065	-0.039954	-0.021641	0.028492	0.362664	0.296331	0.539874	-0.186510	-0.020368	0.006348	0.049207	0.269483	0.262468	0.607693
2021-07-29 06:18:05.000000 	138.000000	54.830962	-159.589564	84.400065	-0.032782	-0.017054	0.006452	0.285087	0.232952	0.424397	-0.152371	-0.026261	0.004551	0.026396	0.211843	0.206328	0.477708
2021-07-29 06:18:06.000000 	139.000000	54.830962	-159.589564	84.400065	-0.039613	-0.023992	0.028194	0.280431	0.229156	0.417472	-0.138446	-0.020949	0.008671	0.049251	0.208388	0.202963	0.469912
2021-07-29 06:18:07.000000 	140.000000	54.830962	-159.589564	84.400065	-0.036973	-0.003045	0.005030	0.331958	0.271272	0.494187	-0.180525	-0.026297	-0.010040	0.024682	0.246682	0.240262	0.556262
2021-07-29 06:18:08.000000 	141.000000	54.830962	-159.589564	84.400065	-0.041629	-0.006191	0.014453	0.266645	0.217908	0.396963	-0.137057	-0.025334	-0.008716	0.035531	0.198152	0.192995	0.446824
2021-07-29 06:18:09.000000 	142.000000	54.830962	-159.589564	84.400065	-0.035876	-0.015280	0.030898	0.378496	0.309326	0.563486	-0.196640	-0.014044	0.001809	0.047694	0.281278	0.273958	0.634262
2021-07-29 06:18:10.000000 	143.000000	54.830962	-159.589564	84.400065	-0.038531	-0.016012	0.032634	0.316466	0.258641	0.471147	-0.158998	-0.015288	0.001570	0.050693	0.235186	0.229066	0.530322
2021-07-29 06:18:11.000000 	144.000000	54.830962	-159.589564	84.400065	-0.040637	-0.015842	0.021383	0.315440	0.257813	0.469627	-0.162232	-0.023334	0.000675	0.042599	0.234429	0.228329	0.528610
2021-07-29 06:18:12.000000 	145.000000	54.830962	-159.589564	84.400065	-0.030001	-0.013557	0.013404	0.355292	0.290396	0.528968	-0.191839	-0.019129	0.002243	0.029876	0.264052	0.257182	0.595402
2021-07-29 06:18:13.000000 	146.000000	54.830962	-159.589564	84.400065	-0.046892	-0.018079	0.028189	0.336016	0.274651	0.500276	-0.169531	-0.024843	0.000590	0.051988	0.249732	0.243234	0.563105
2021-07-29 06:18:14.000000 	147.000000	54.830962	-159.589564	84.400065	-0.025653	-0.010668	0.025459	0.283578	0.231798	0.422211	-0.146835	-0.008031	0.001052	0.036803	0.210764	0.205281	0.475234
2021-07-29 06:18:15.000000 	148.000000	54.830962	-159.589564	84.400065	-0.046986	-0.023689	0.030237	0.265324	0.216885	0.395040	-0.126682	-0.025335	0.005816	0.054841	0.197201	0.192071	0.444649
2021-07-29 06:18:16.000000 	149.000000	54.830962	-159.589564	84.400065	-0.031482	-0.004487	0.024224	0.319259	0.260984	0.475351	-0.167125	-0.011446	-0.006774	0.037698	0.237294	0.231121	0.535044
2021-07-29 06:18:17.000000 	150.000000	54.830962	-159.589564	84.400065	-0.024886	-0.005327	-0.006350	0.394541	0.322537	0.587449	-0.224627	-0.024243	-0.003687	0.009313	0.293255	0.285627	0.661217
2021-07-29 06:18:18.000000 	151.000000	54.830962	-159.589564	84.400065	-0.039225	-0.011733	0.032648	0.275463	0.225199	0.410156	-0.135343	-0.014591	-0.002683	0.050220	0.204751	0.199426	0.461659
2021-07-29 06:18:19.000000 	152.000000	54.830962	-159.589564	84.400065	-0.034307	-0.014321	0.017756	0.304117	0.248634	0.452827	-0.159060	-0.020139	0.001457	0.035912	0.226054	0.220175	0.509686
2021-07-29 06:18:20.000000 	153.000000	54.830962	-159.589564	84.400065	-0.031161	0.000325	0.009718	0.310441	0.253814	0.462251	-0.168228	-0.018184	-0.011172	0.024700	0.230761	0.224759	0.520292
2021-07-29 06:18:21.000000 	154.000000	54.830962	-159.589564	84.400065	-0.040812	-0.010006	0.033767	0.301968	0.246896	0.449642	-0.150097	-0.014671	-0.004855	0.051645	0.224468	0.218631	0.506098
2021-07-29 06:18:22.000000 	155.000000	54.830962	-159.589564	84.400065	-0.030882	-0.019194	0.024001	0.296136	0.242137	0.440965	-0.152371	-0.015307	0.007219	0.040146	0.220137	0.214413	0.496330
2021-07-29 06:18:23.000000 	156.000000	54.830962	-159.589564	84.400065	-0.031741	-0.010883	0.022461	0.378887	0.309810	0.564195	-0.201868	-0.014484	-0.000869	0.037682	0.281658	0.274334	0.635030
2021-07-29 06:18:24.000000 	157.000000	54.830962	-159.589564	84.400065	-0.040996	-0.002682	-0.001671	0.325338	0.266034	0.484463	-0.178063	-0.033136	-0.011783	0.021304	0.241856	0.235568	0.545286
2021-07-29 06:18:25.000000 	158.000000	54.830962	-159.589564	84.400065	-0.036476	-0.010953	0.028015	0.265739	0.217307	0.395720	-0.132400	-0.014931	-0.002456	0.044792	0.197555	0.192419	0.445400
2021-07-29 06:18:26.000000 	159.000000	54.830962	-159.589564	84.400065	-0.042205	-0.010363	0.021166	0.360101	0.294483	0.536247	-0.188557	-0.023097	-0.005006	0.042168	0.267712	0.260752	0.603567
2021-07-29 06:18:27.000000 	160.000000	54.830962	-159.589564	84.400065	-0.042713	-0.016413	0.034928	0.316869	0.259138	0.471874	-0.157153	-0.017285	0.000486	0.054907	0.235576	0.229452	0.531111
2021-07-29 06:18:28.000000 	161.000000	54.830962	-159.589564	84.400065	-0.032135	-0.004983	0.016617	0.314714	0.257386	0.468673	-0.167295	-0.016470	-0.006536	0.031932	0.233980	0.227898	0.527506
2021-07-29 06:18:29.000000 	162.000000	54.830962	-159.589564	84.400065	-0.036068	-0.028216	0.030202	0.295191	0.241429	0.439606	-0.146818	-0.018281	0.013866	0.049827	0.219471	0.213766	0.494789
2021-07-29 06:18:30.000000 	163.000000	54.830962	-159.589564	84.400065	-0.051496	-0.015484	0.009196	0.318235	0.260286	0.473931	-0.165288	-0.038571	-0.003447	0.038427	0.236609	0.230459	0.533420
2021-07-29 06:18:31.000000 	164.000000	54.830962	-159.589564	84.400065	-0.041210	-0.011984	0.027472	0.315047	0.257688	0.469191	-0.159945	-0.019166	-0.003140	0.047111	0.234244	0.228156	0.528084
2021-07-29 06:18:32.000000 	165.000000	54.830962	-159.589564	84.400065	-0.022421	-0.003439	0.015404	0.305141	0.249595	0.454444	-0.165054	-0.009285	-0.004596	0.025386	0.226884	0.220988	0.511485
2021-07-29 06:18:33.000000 	166.000000	54.830962	-159.589564	84.400065	-0.043028	-0.016045	0.033818	0.350515	0.286721	0.522029	-0.177206	-0.018061	0.000032	0.054096	0.260628	0.253855	0.587550
2021-07-29 06:18:34.000000 	167.000000	54.830962	-159.589564	84.400065	-0.027978	-0.003947	0.023556	0.283598	0.231992	0.422374	-0.147705	-0.008992	-0.006058	0.035152	0.210876	0.205396	0.475386
2021-07-29 06:18:35.000000 	168.000000	54.830962	-159.589564	84.400065	-0.035946	-0.030026	0.017156	0.344389	0.281732	0.512921	-0.180451	-0.026218	0.015605	0.039461	0.256085	0.249431	0.577295
2021-07-29 06:18:36.000000 	169.000000	54.830962	-159.589564	84.400065	-0.045444	-0.013423	0.020995	0.301432	0.246599	0.448949	-0.153113	-0.026550	-0.003268	0.044390	0.224147	0.218324	0.505292
2021-07-29 06:18:37.000000 	170.000000	54.830962	-159.589564	84.400065	-0.027061	-0.019704	0.016135	0.340659	0.278701	0.507380	-0.182444	-0.017056	0.009029	0.031756	0.253323	0.246741	0.571055
2021-07-29 06:18:38.000000 	171.000000	54.830962	-159.589564	84.400065	-0.034793	-0.000669	0.021401	0.290080	0.237330	0.432054	-0.150706	-0.014520	-0.011507	0.036411	0.215716	0.210112	0.486274
2021-07-29 06:18:39.000000 	172.000000	54.830962	-159.589564	84.400065	-0.037556	-0.013121	0.013787	0.277854	0.227337	0.413852	-0.144506	-0.024573	-0.000801	0.034180	0.206629	0.201262	0.465786
2021-07-29 06:18:40.000000 	173.000000	54.830962	-159.589564	84.400065	-0.040571	-0.003594	0.018920	0.329667	0.269740	0.491032	-0.172849	-0.021210	-0.010780	0.038089	0.245167	0.238798	0.552649
2021-07-29 06:18:41.000000 	174.000000	54.830962	-159.589564	84.400065	-0.050773	-0.014453	0.033011	0.336562	0.275392	0.501310	-0.167317	-0.024005	-0.004162	0.057297	0.250300	0.243799	0.564215
2021-07-29 06:18:42.000000 	175.000000	54.830962	-159.589564	84.400065	-0.029344	-0.008802	0.012153	0.280654	0.229654	0.418040	-0.149646	-0.017991	-0.001984	0.027544	0.208726	0.203305	0.470495
2021-07-29 06:18:43.000000 	176.000000	54.830962	-159.589564	84.400065	-0.042001	-0.010823	0.014693	0.390343	0.319422	0.581433	-0.208797	-0.026801	-0.004504	0.036859	0.290310	0.282770	0.654388
2021-07-29 06:18:44.000000 	177.000000	54.830962	-159.589564	84.400065	-0.034185	0.002315	0.017248	0.232854	0.190555	0.346852	-0.119323	-0.015596	-0.014091	0.032089	0.173185	0.168687	0.390371
2021-07-29 06:18:45.000000 	178.000000	54.830962	-159.589564	84.400065	-0.043621	-0.018784	0.041635	0.303913	0.248715	0.452706	-0.146464	-0.014793	0.002392	0.061356	0.226041	0.220171	0.509506
2021-07-29 06:18:46.000000 	179.000000	54.830962	-159.589564	84.400065	-0.017109	-0.006054	0.011972	0.385026	0.315108	0.573539	-0.214084	-0.007938	-0.000292	0.020238	0.286376	0.278940	0.645497
2021-07-29 06:18:47.000000 	180.000000	54.830962	-159.589564	84.400065	-0.044805	-0.008097	0.020659	0.328168	0.268586	0.488851	-0.169650	-0.024735	-0.008036	0.042702	0.244093	0.237754	0.550182
2021-07-29 06:18:48.000000 	181.000000	54.830962	-159.589564	84.400065	-0.053687	-0.015646	0.029372	0.369079	0.302080	0.549801	-0.186787	-0.028674	-0.004059	0.056135	0.274529	0.267400	0.618776
2021-07-29 06:18:49.000000 	182.000000	54.830962	-159.589564	84.400065	-0.045885	-0.021758	0.033295	0.166972	0.136667	0.248734	-0.068173	-0.022179	0.004390	0.056358	0.124200	0.120975	0.279938
2021-07-29 06:18:50.000000 	183.000000	54.830962	-159.589564	84.400065	-0.026200	-0.005729	0.012827	0.360770	0.295302	0.537439	-0.197274	-0.014317	-0.003768	0.025780	0.268361	0.261394	0.604859
2021-07-29 06:18:51.000000 	184.000000	54.830962	-159.589564	84.400065	-0.037159	-0.018823	0.023623	0.329733	0.269909	0.491212	-0.170520	-0.020228	0.004683	0.043151	0.245281	0.238913	0.552831
2021-07-29 06:18:52.000000 	185.000000	54.830962	-159.589564	84.400065	-0.030443	-0.008606	0.029482	0.285884	0.234024	0.425895	-0.145601	-0.008796	-0.002552	0.042263	0.212667	0.207147	0.479319
2021-07-29 06:18:53.000000 	186.000000	54.830962	-159.589564	84.400065	-0.040324	-0.021693	0.024618	0.334802	0.274079	0.498778	-0.171863	-0.022898	0.006268	0.046250	0.249063	0.242598	0.561343
2021-07-29 06:18:54.000000 	187.000000	54.830962	-159.589564	84.400065	-0.035380	-0.008466	0.019793	0.348267	0.285113	0.518845	-0.184456	-0.018119	-0.004404	0.036979	0.259086	0.252361	0.583925
2021-07-29 06:18:55.000000 	188.000000	54.830962	-159.589564	84.400065	-0.031240	-0.012358	0.018168	0.251377	0.205800	0.374504	-0.129341	-0.016992	0.000687	0.034198	0.187011	0.182157	0.421477
2021-07-29 06:18:56.000000 	189.000000	54.830962	-159.589564	84.400065	-0.036005	-0.000606	0.006990	0.323097	0.264528	0.481361	-0.175300	-0.023732	-0.011988	0.025272	0.240373	0.234134	0.541735
2021-07-29 06:18:57.000000 	190.000000	54.830962	-159.589564	84.400065	-0.035173	-0.005105	0.019897	0.397550	0.325497	0.592292	-0.213536	-0.016943	-0.007482	0.036278	0.295771	0.288095	0.666577
2021-07-29 06:18:58.000000 	191.000000	54.830962	-159.589564	84.400065	-0.037200	-0.010757	0.034655	0.160510	0.131424	0.239141	-0.067955	-0.011606	-0.002892	0.050571	0.119420	0.116321	0.269133
2021-07-29 06:18:59.000000 	192.000000	54.830962	-159.589564	84.400065	-0.042367	-0.010361	0.027671	0.410249	0.335920	0.611230	-0.215365	-0.019474	-0.005065	0.047572	0.305234	0.297313	0.687885
2021-07-29 06:19:00.000000 	193.000000	54.830962	-159.589564	84.400065	-0.034029	-0.010955	0.020361	0.267653	0.219168	0.398782	-0.137351	-0.017466	-0.001600	0.037215	0.199144	0.193977	0.448793
2021-07-29 06:19:01.000000 	194.000000	54.830962	-159.589564	84.400065	-0.045585	-0.015071	0.015700	0.324309	0.265572	0.483203	-0.168404	-0.030178	-0.001772	0.040469	0.241305	0.235043	0.543798
2021-07-29 06:19:02.000000 	195.000000	54.830962	-159.589564	84.400065	-0.028048	-0.016837	0.029586	0.333043	0.272735	0.496224	-0.172855	-0.009248	0.005999	0.042709	0.247810	0.241380	0.558450
2021-07-29 06:19:03.000000 	196.000000	54.830962	-159.589564	84.400065	-0.034785	-0.018430	0.009594	0.309696	0.253625	0.461443	-0.165010	-0.026378	0.005142	0.030322	0.230443	0.224464	0.519306
2021-07-29 06:19:04.000000 	197.000000	54.830962	-159.589564	84.400065	-0.046577	-0.012221	0.023197	0.354254	0.290127	0.527842	-0.183053	-0.025807	-0.004789	0.046561	0.263605	0.256766	0.594029
2021-07-29 06:19:05.000000 	198.000000	54.830962	-159.589564	84.400065	-0.039514	-0.005696	0.024370	0.257392	0.210807	0.383522	-0.128688	-0.017860	-0.008442	0.042396	0.191533	0.186565	0.431611
2021-07-29 06:19:06.000000 	199.000000	54.830962	-159.589564	84.400065	-0.039068	-0.007312	0.025442	0.335743	0.274988	0.500275	-0.174045	-0.017361	-0.006772	0.043357	0.249843	0.243362	0.563001
2021-07-29 06:19:07.000000 	200.000000	54.830962	-159.589564	84.400065	-0.029745	-0.008097	0.013216	0.306993	0.251451	0.457443	-0.164643	-0.017485	-0.002785	0.028487	0.228454	0.222529	0.514797
2021-07-29 06:19:08.000000 	201.000000	54.830962	-159.589564	84.400065	-0.046704	-0.006460	0.022955	0.326149	0.267151	0.485993	-0.167249	-0.024401	-0.010233	0.045275	0.242716	0.236420	0.546925
2021-07-29 06:19:09.000000 	202.000000	54.830962	-159.589564	84.400065	-0.038177	-0.023219	0.024644	0.350782	0.287340	0.522707	-0.181679	-0.021673	0.008447	0.045419	0.261054	0.254283	0.588239
2021-07-29 06:19:10.000000 	203.000000	54.830962	-159.589564	84.400065	-0.035069	-0.009633	0.037293	0.314405	0.257552	0.468508	-0.157784	-0.008133	-0.003202	0.051352	0.233988	0.227919	0.527243
2021-07-29 06:19:11.000000 	204.000000	54.830962	-159.589564	84.400065	-0.026958	-0.014188	-0.001456	0.321160	0.263096	0.478580	-0.178683	-0.025537	0.003896	0.016212	0.239021	0.232822	0.538577
2021-07-29 06:19:12.000000 	205.000000	54.830962	-159.589564	84.400065	-0.050516	-0.019887	0.044553	0.320496	0.262562	0.477598	-0.152997	-0.018709	0.001022	0.067685	0.238533	0.232347	0.537469
2021-07-29 06:19:13.000000 	206.000000	54.830962	-159.589564	84.400065	-0.018595	-0.007061	0.020958	0.305958	0.250662	0.455940	-0.164122	-0.004187	0.000132	0.028589	0.227719	0.221813	0.513094
2021-07-29 06:19:14.000000 	207.000000	54.830962	-159.589564	84.400065	-0.042333	-0.013619	0.019773	0.359110	0.294219	0.535155	-0.188362	-0.024926	-0.001999	0.041751	0.267285	0.260354	0.602237
2021-07-29 06:19:15.000000 	208.000000	54.830962	-159.589564	84.400065	-0.036670	-0.009599	0.010538	0.262610	0.215166	0.391354	-0.137590	-0.024761	-0.003792	0.030338	0.195466	0.190397	0.440409
2021-07-29 06:19:16.000000 	209.000000	54.830962	-159.589564	84.400065	-0.029001	-0.009143	0.019416	0.382163	0.313132	0.569526	-0.206154	-0.013642	-0.001545	0.033364	0.284458	0.277083	0.640912
2021-07-29 06:19:17.000000 	210.000000	54.830962	-159.589564	84.400065	-0.047581	-0.001212	0.029374	0.249324	0.204296	0.371565	-0.119900	-0.019880	-0.015457	0.049940	0.185586	0.180774	0.418137
2021-07-29 06:19:18.000000 	211.000000	54.830962	-159.589564	84.400065	-0.042631	-0.014661	0.014227	0.315857	0.258823	0.470725	-0.165024	-0.028646	-0.001126	0.037589	0.235116	0.229021	0.529724
2021-07-29 06:19:19.000000 	212.000000	54.830962	-159.589564	84.400065	-0.027569	-0.009940	0.024789	0.309203	0.253381	0.460815	-0.161829	-0.009677	-0.000298	0.037143	0.230169	0.224202	0.518570
2021-07-29 06:19:20.000000 	213.000000	54.830962	-159.589564	84.400065	-0.055783	-0.011864	0.034750	0.366977	0.300736	0.546925	-0.183367	-0.026104	-0.008334	0.060903	0.273183	0.266101	0.615470
2021-07-29 06:19:21.000000 	214.000000	54.830962	-159.589564	84.400065	-0.028206	-0.006042	0.024745	0.260880	0.213798	0.388808	-0.133888	-0.009079	-0.004174	0.036669	0.194207	0.189173	0.437535
2021-07-29 06:19:22.000000 	215.000000	54.830962	-159.589564	84.400065	-0.040826	-0.015154	0.019081	0.393470	0.322472	0.586426	-0.209000	-0.024608	-0.000036	0.040681	0.292919	0.285327	0.659916
2021-07-29 06:19:23.000000 	216.000000	54.830962	-159.589564	84.400065	-0.029877	-0.006236	0.021783	0.186052	0.152487	0.277294	-0.090836	-0.012120	-0.004575	0.035188	0.138510	0.134920	0.312043
2021-07-29 06:19:24.000000 	217.000000	54.830962	-159.589564	84.400065	-0.039546	-0.017561	0.015894	0.379378	0.310948	0.565440	-0.202118	-0.026149	0.002667	0.037868	0.282443	0.275123	0.636295
2021-07-29 06:19:25.000000 	218.000000	54.830962	-159.589564	84.400065	-0.045395	-0.022786	0.030440	0.298424	0.244605	0.444788	-0.146849	-0.023741	0.005524	0.053966	0.222179	0.216421	0.500523
2021-07-29 06:19:26.000000 	219.000000	54.830962	-159.589564	84.400065	-0.047932	-0.008934	0.024077	0.282148	0.231274	0.420535	-0.140496	-0.025401	-0.008342	0.047352	0.210067	0.204623	0.473229
2021-07-29 06:19:27.000000 	220.000000	54.830962	-159.589564	84.400065	-0.023710	-0.006578	0.022779	0.244650	0.200545	0.364650	-0.126417	-0.006920	-0.002104	0.032741	0.182153	0.177433	0.410340
2021-07-29 06:19:28.000000 	221.000000	54.830962	-159.589564	84.400065	-0.034028	-0.006748	0.020304	0.445624	0.365303	0.664212	-0.241714	-0.016298	-0.005542	0.036323	0.331797	0.323199	0.747434
2021-07-29 06:19:29.000000 	222.000000	54.830962	-159.589564	84.400065	-0.033578	-0.007143	0.022130	0.287855	0.235980	0.429060	-0.149076	-0.015015	-0.005016	0.037651	0.214333	0.208779	0.482817
2021-07-29 06:19:30.000000 	223.000000	54.830962	-159.589564	84.400065	-0.046506	-0.021321	0.029169	0.287867	0.235999	0.429083	-0.141017	-0.024907	0.003763	0.053233	0.214347	0.208793	0.482841
2021-07-29 06:19:31.000000 	224.000000	54.830962	-159.589564	84.400065	-0.037203	-0.002025	0.035216	0.346358	0.283962	0.516275	-0.177463	-0.008795	-0.011076	0.049278	0.257906	0.251224	0.580954
2021-07-29 06:19:32.000000 	225.000000	54.830962	-159.589564	84.400065	-0.036339	-0.009542	0.024380	0.249757	0.204772	0.372288	-0.124892	-0.016518	-0.003730	0.041464	0.185980	0.181162	0.418928
2021-07-29 06:19:33.000000 	226.000000	54.830962	-159.589564	84.400065	-0.051474	-0.019523	0.031405	0.375075	0.307530	0.559095	-0.189969	-0.026912	0.000346	0.057380	0.279304	0.272069	0.629135
2021-07-29 06:19:34.000000 	227.000000	54.830962	-159.589564	84.400065	-0.029699	-0.011885	0.018783	0.318760	0.261368	0.475158	-0.169057	-0.015322	0.000782	0.033774	0.237376	0.231226	0.534681
2021-07-29 06:19:35.000000 	228.000000	54.830962	-159.589564	84.400065	-0.046688	-0.018057	0.038149	0.310928	0.254955	0.463489	-0.151353	-0.018943	0.000641	0.060016	0.231549	0.225551	0.521548
2021-07-29 06:19:36.000000 	229.000000	54.830962	-159.589564	84.400065	-0.030903	-0.006750	-0.002156	0.270922	0.222160	0.403859	-0.149355	-0.026841	-0.004451	0.016276	0.201762	0.196535	0.454447
2021-07-29 06:19:37.000000 	230.000000	54.830962	-159.589564	84.400065	-0.032585	-0.008730	0.016165	0.345236	0.283110	0.514645	-0.185064	-0.018142	-0.003182	0.032558	0.257112	0.250452	0.579108
2021-07-29 06:19:38.000000 	231.000000	54.830962	-159.589564	84.400065	-0.054618	-0.022171	0.030562	0.303954	0.249267	0.453112	-0.147376	-0.030562	0.001732	0.058921	0.226373	0.220510	0.509865
2021-07-29 06:19:39.000000 	232.000000	54.830962	-159.589564	84.400065	-0.033150	-0.001628	0.010394	0.349991	0.287033	0.521748	-0.190617	-0.019874	-0.010035	0.026719	0.260667	0.253916	0.587096
2021-07-29 06:19:40.000000 	233.000000	54.830962	-159.589564	84.400065	-0.045209	-0.031024	0.035848	0.262826	0.215556	0.391812	-0.122895	-0.022833	0.013310	0.059941	0.195753	0.190683	0.440884
2021-07-29 06:19:41.000000 	234.000000	54.830962	-159.589564	84.400065	-0.035422	-0.005989	0.024086	0.270955	0.222232	0.403937	-0.138053	-0.014972	-0.006740	0.040014	0.201813	0.196587	0.454526
2021-07-29 06:19:42.000000 	235.000000	54.830962	-159.589564	84.400065	-0.021948	0.001841	0.005442	0.356845	0.292688	0.531987	-0.200000	-0.013155	-0.009380	0.015927	0.265792	0.258909	0.598610
2021-07-29 06:19:43.000000 	236.000000	54.830962	-159.589564	84.400065	-0.036315	-0.012762	0.029830	0.329198	0.270023	0.490777	-0.168893	-0.014278	-0.000703	0.046552	0.245206	0.238857	0.552238
2021-07-29 06:19:44.000000 	237.000000	54.830962	-159.589564	84.400065	-0.050217	-0.004354	0.039902	0.325007	0.266596	0.484535	-0.159212	-0.016731	-0.013432	0.060601	0.242091	0.235822	0.545212
2021-07-29 06:19:45.000000 	238.000000	54.830962	-159.589564	84.400065	-0.022093	-0.009252	0.024176	0.245704	0.201554	0.366312	-0.126696	-0.005639	0.000966	0.033548	0.183025	0.178286	0.412183
2021-07-29 06:19:46.000000 	239.000000	54.830962	-159.589564	84.400065	-0.056219	-0.018778	0.036232	0.349309	0.286553	0.520781	-0.171733	-0.027555	-0.002006	0.063739	0.260207	0.253470	0.585992
2021-07-29 06:19:47.000000 	240.000000	54.830962	-159.589564	84.400065	-0.023296	-0.010323	0.004374	0.387689	0.318050	0.578008	-0.216850	-0.018271	0.001551	0.018225	0.288805	0.281328	0.650383
2021-07-29 06:19:48.000000 	241.000000	54.830962	-159.589564	84.400065	-0.056631	-0.014247	0.043848	0.285759	0.234439	0.426046	-0.131778	-0.022193	-0.006397	0.069277	0.212879	0.207368	0.479392
2021-07-29 06:19:49.000000 	242.000000	54.830962	-159.589564	84.400065	-0.039203	-0.007829	0.006719	0.283571	0.232654	0.422790	-0.150843	-0.028396	-0.006335	0.028228	0.211255	0.205786	0.475726
2021-07-29 06:19:50.000000 	243.000000	54.830962	-159.589564	84.400065	-0.042636	-0.015462	0.041037	0.311874	0.255884	0.464993	-0.152268	-0.013436	-0.000378	0.059667	0.232346	0.226331	0.523211
2021-07-29 06:19:51.000000 	244.000000	54.830962	-159.589564	84.400065	-0.025687	-0.012877	0.002584	0.298587	0.244993	0.445189	-0.164646	-0.021863	0.003110	0.018565	0.222453	0.216695	0.500926
2021-07-29 06:19:52.000000 	245.000000	54.830962	-159.589564	84.400065	-0.046174	-0.008957	0.039911	0.320862	0.263280	0.478407	-0.157607	-0.014940	-0.007709	0.059351	0.239055	0.232867	0.538300
2021-07-29 06:19:53.000000 	246.000000	54.830962	-159.589564	84.400065	-0.033464	-0.021947	0.022109	0.314828	0.258339	0.469416	-0.163339	-0.019160	0.008899	0.040547	0.234566	0.228494	0.528182
2021-07-29 06:19:54.000000 	247.000000	54.830962	-159.589564	84.400065	-0.039598	-0.012262	0.017000	0.332921	0.273197	0.496401	-0.175258	-0.024042	-0.002318	0.037736	0.248053	0.241633	0.558543
2021-07-29 06:19:55.000000 	248.000000	54.830962	-159.589564	84.400065	-0.031721	-0.000726	0.026733	0.357400	0.293296	0.532906	-0.189058	-0.009111	-0.010382	0.039123	0.266299	0.259407	0.599616
2021-07-29 06:19:56.000000 	249.000000	54.830962	-159.589564	84.400065	-0.037578	-0.013742	0.031325	0.219546	0.180175	0.327362	-0.103730	-0.014664	-0.000225	0.048653	0.163589	0.159355	0.368340
2021-07-29 06:19:57.000000 	250.000000	54.830962	-159.589564	84.400065	-0.042717	-0.013540	0.029753	0.366624	0.300890	0.546674	-0.188967	-0.019449	-0.002207	0.050101	0.273187	0.266117	0.615103
2021-07-29 06:19:58.000000 	251.000000	54.830962	-159.589564	84.400065	-0.035413	-0.009718	0.024707	0.303833	0.249367	0.453052	-0.156737	-0.015671	-0.003242	0.041266	0.226404	0.220545	0.509760
2021-07-29 06:19:59.000000 	252.000000	54.830962	-159.589564	84.400065	-0.039095	-0.010722	0.016874	0.295186	0.242280	0.440164	-0.153561	-0.023290	-0.003585	0.037052	0.219967	0.214275	0.495257
2021-07-29 06:20:00.000000 	253.000000	54.830962	-159.589564	84.400065	-0.039816	-0.001310	0.022391	0.362201	0.297296	0.540101	-0.191282	-0.017981	-0.012657	0.040061	0.269913	0.262929	0.607700
2021-07-29 06:20:01.000000 	254.000000	54.830962	-159.589564	84.400065	-0.047790	-0.020948	0.030272	0.289233	0.237413	0.431299	-0.141176	-0.025149	0.002967	0.054753	0.215543	0.209966	0.485279
2021-07-29 06:20:02.000000 	255.000000	54.830962	-159.589564	84.400065	-0.033395	-0.007505	0.021114	0.313182	0.257082	0.467017	-0.164423	-0.015563	-0.004613	0.036795	0.233397	0.227358	0.525464
2021-07-29 06:20:03.000000 	256.000000	54.830962	-159.589564	84.400065	-0.050281	-0.014512	0.031510	0.384962	0.316016	0.574063	-0.196753	-0.024510	-0.003934	0.055816	0.286898	0.279475	0.645905
2021-07-29 06:20:04.000000 	257.000000	54.830962	-159.589564	84.400065	-0.036957	-0.010923	0.003905	0.182600	0.149903	0.272300	-0.092901	-0.029179	-0.002651	0.025337	0.136089	0.132568	0.306376
2021-07-29 06:20:05.000000 	258.000000	54.830962	-159.589564	84.400065	-0.040199	-0.019680	0.037623	0.358639	0.294432	0.534824	-0.181272	-0.014738	0.004425	0.056409	0.267296	0.260380	0.601751
2021-07-29 06:20:06.000000 	259.000000	54.830962	-159.589564	84.400065	-0.049429	-0.014905	0.028680	0.248191	0.203766	0.370122	-0.117842	-0.025599	-0.003269	0.053122	0.184983	0.180198	0.416437
2021-07-29 06:20:07.000000 	260.000000	54.830962	-159.589564	84.400065	-0.029673	-0.013383	0.034481	0.400767	0.329044	0.597662	-0.210639	-0.006688	0.002195	0.046894	0.298710	0.290983	0.672448
2021-07-29 06:20:08.000000 	261.000000	54.830962	-159.589564	84.400065	-0.031398	-0.012243	0.020977	0.296846	0.243731	0.442692	-0.155041	-0.015463	0.000525	0.036556	0.221259	0.215536	0.498083
2021-07-29 06:20:09.000000 	262.000000	54.830962	-159.589564	84.400065	-0.038361	-0.009912	0.036427	0.337388	0.277030	0.503159	-0.170884	-0.011234	-0.004088	0.052477	0.251485	0.244980	0.566115
2021-07-29 06:20:10.000000 	263.000000	54.830962	-159.589564	84.400065	-0.032504	-0.002960	0.022206	0.274913	0.225741	0.409992	-0.142342	-0.012956	-0.008561	0.036294	0.204922	0.199622	0.461289
2021-07-29 06:20:11.000000 	264.000000	54.830962	-159.589564	84.400065	-0.045335	-0.015177	0.018393	0.286168	0.234992	0.426783	-0.145379	-0.028465	-0.001586	0.042558	0.213318	0.207800	0.480179
2021-07-29 06:20:12.000000 	265.000000	54.830962	-159.589564	84.400065	-0.033351	-0.011057	0.028332	0.294594	0.241921	0.439354	-0.150411	-0.012385	-0.001268	0.043385	0.219605	0.213925	0.494321
2021-07-29 06:20:13.000000 	266.000000	54.830962	-159.589564	84.400065	-0.040531	-0.015799	0.020989	0.339556	0.278855	0.506417	-0.177037	-0.023466	0.000672	0.042211	0.253129	0.246582	0.569771
2021-07-29 06:20:14.000000 	267.000000	54.830962	-159.589564	84.400065	-0.033862	-0.011070	0.025978	0.390858	0.321000	0.582938	-0.207422	-0.014136	-0.001434	0.041739	0.291382	0.283846	0.655863
2021-07-29 06:20:15.000000 	268.000000	54.830962	-159.589564	84.400065	-0.046086	-0.009725	0.031938	0.260906	0.214283	0.389127	-0.125661	-0.019685	-0.006958	0.052940	0.194508	0.189478	0.437805
2021-07-29 06:20:16.000000 	269.000000	54.830962	-159.589564	84.400065	-0.049057	-0.014023	0.018571	0.294550	0.241924	0.439311	-0.149223	-0.030885	-0.003965	0.044480	0.219597	0.213918	0.494265
2021-07-29 06:20:17.000000 	270.000000	54.830962	-159.589564	84.400065	-0.037520	-0.009238	0.020439	0.295373	0.242610	0.440545	-0.152984	-0.019606	-0.004427	0.038818	0.220217	0.214522	0.495651
2021-07-29 06:20:18.000000 	271.000000	54.830962	-159.589564	84.400065	-0.045666	-0.011252	0.023570	0.347644	0.285555	0.518512	-0.179770	-0.024618	-0.005380	0.046180	0.259195	0.252492	0.583368
2021-07-29 06:20:19.000000 	272.000000	54.830962	-159.589564	84.400065	-0.042744	-0.011456	0.030149	0.319322	0.262303	0.476276	-0.161463	-0.018648	-0.004170	0.050021	0.238086	0.231929	0.535848
2021-07-29 06:20:20.000000 	273.000000	54.830962	-159.589564	84.400065	-0.039167	-0.019208	0.032999	0.260794	0.214235	0.388986	-0.126265	-0.016476	0.004343	0.051977	0.194453	0.189425	0.437637
2021-07-29 06:20:21.000000 	274.000000	54.830962	-159.589564	84.400065	-0.032067	-0.008149	0.026182	0.365193	0.300007	0.544708	-0.193184	-0.011810	-0.003546	0.040350	0.272302	0.265262	0.612833
2021-07-29 06:20:22.000000 	275.000000	54.830962	-159.589564	84.400065	-0.046599	-0.015417	0.039308	0.299939	0.246411	0.447382	-0.144973	-0.017456	-0.001802	0.060385	0.223652	0.217870	0.503333
2021-07-29 06:20:23.000000 	276.000000	54.830962	-159.589564	84.400065	-0.022526	-0.011885	0.015157	0.316259	0.259829	0.471731	-0.171200	-0.011916	0.003283	0.026938	0.235828	0.229731	0.530726
2021-07-29 06:20:24.000000 	277.000000	54.830962	-159.589564	84.400065	-0.046302	-0.004903	0.024406	0.380598	0.312701	0.567706	-0.199181	-0.022813	-0.011553	0.045931	0.283813	0.276476	0.638701
2021-07-29 06:20:25.000000 	278.000000	54.830962	-159.589564	84.400065	-0.036729	-0.017075	0.037818	0.249490	0.204990	0.372147	-0.118682	-0.011224	0.003194	0.054172	0.186050	0.181241	0.418685
2021-07-29 06:20:26.000000 	279.000000	54.830962	-159.589564	84.400065	-0.046730	-0.005631	0.025140	0.362647	0.297977	0.540943	-0.188206	-0.022926	-0.011019	0.046908	0.270442	0.263451	0.608586
2021-07-29 06:20:27.000000 	280.000000	54.830962	-159.589564	84.400065	-0.020799	-0.014826	0.020834	0.256766	0.210986	0.383010	-0.134370	-0.008161	0.006642	0.031238	0.191487	0.186537	0.430903
2021-07-29 06:20:28.000000 	281.000000	54.830962	-159.589564	84.400065	-0.050326	-0.011732	0.026000	0.329727	0.270949	0.491850	-0.166935	-0.026926	-0.006555	0.050779	0.245906	0.239550	0.553350
2021-07-29 06:20:29.000000 	282.000000	54.830962	-159.589564	84.400065	-0.039583	-0.011008	0.017318	0.315811	0.259524	0.471097	-0.165426	-0.023489	-0.003488	0.037736	0.235535	0.229446	0.530000
2021-07-29 06:20:30.000000 	283.000000	54.830962	-159.589564	84.400065	-0.044779	-0.003060	0.036712	0.269402	0.221396	0.401873	-0.129803	-0.014033	-0.012749	0.054798	0.200928	0.195735	0.452119
2021-07-29 06:20:31.000000 	284.000000	54.830962	-159.589564	84.400065	-0.052350	-0.017800	0.033631	0.336511	0.276558	0.501988	-0.166737	-0.025810	-0.001575	0.059328	0.250987	0.244500	0.564749
2021-07-29 06:20:32.000000 	285.000000	54.830962	-159.589564	84.400065	-0.028514	-0.008531	0.019021	0.344893	0.283458	0.514498	-0.185165	-0.013322	-0.001948	0.032655	0.257247	0.250598	0.578821
2021-07-29 06:20:33.000000 	286.000000	54.830962	-159.589564	84.400065	-0.042298	-0.020015	0.040405	0.287336	0.236164	0.428642	-0.137945	-0.014840	0.004007	0.059884	0.214323	0.208783	0.482229
2021-07-29 06:20:34.000000 	287.000000	54.830962	-159.589564	84.400065	-0.030991	-0.014719	0.010482	0.330698	0.271814	0.493334	-0.178868	-0.021902	0.002987	0.028256	0.246673	0.240298	0.555006
2021-07-29 06:20:35.000000 	288.000000	54.830962	-159.589564	84.400065	-0.052594	-0.002622	0.033741	0.289463	0.237931	0.431826	-0.140415	-0.021607	-0.015884	0.056500	0.215922	0.210341	0.485807
2021-07-29 06:20:36.000000 	289.000000	54.830962	-159.589564	84.400065	-0.031338	-0.012654	0.021860	0.361720	0.297337	0.539626	-0.192692	-0.015025	0.000931	0.037329	0.269829	0.262856	0.607081
2021-07-29 06:20:37.000000 	290.000000	54.830962	-159.589564	84.400065	-0.037126	-0.009118	0.012528	0.243375	0.200064	0.363079	-0.125760	-0.023827	-0.004402	0.032114	0.181553	0.176861	0.408463
2021-07-29 06:20:38.000000 	291.000000	54.830962	-159.589564	84.400065	-0.044950	-0.022164	0.044876	0.359798	0.295781	0.536771	-0.177638	-0.014908	0.005096	0.065401	0.268410	0.261474	0.603864
2021-07-29 06:20:39.000000 	292.000000	54.830962	-159.589564	84.400065	-0.033784	-0.001256	0.025401	0.334669	0.275135	0.499289	-0.175924	-0.011611	-0.010605	0.039254	0.249672	0.243220	0.561694
2021-07-29 06:20:40.000000 	293.000000	54.830962	-159.589564	84.400065	-0.044240	-0.014628	0.029339	0.277016	0.227747	0.413281	-0.136311	-0.021165	-0.001719	0.050804	0.206667	0.201326	0.464934
2021-07-29 06:20:41.000000 	294.000000	54.830962	-159.589564	84.400065	-0.049727	-0.014059	0.029365	0.347930	0.286060	0.519085	-0.176322	-0.025192	-0.004165	0.053673	0.259580	0.252873	0.583960
2021-07-29 06:20:42.000000 	295.000000	54.830962	-159.589564	84.400065	-0.025632	-0.002106	0.023197	0.246212	0.202438	0.367334	-0.127316	-0.006876	-0.006965	0.033222	0.183697	0.178950	0.413241
2021-07-29 06:20:43.000000 	296.000000	54.830962	-159.589564	84.400065	-0.052087	-0.016593	0.039813	0.386502	0.317799	0.576644	-0.193889	-0.021704	-0.002614	0.063996	0.288374	0.280923	0.648708
2021-07-29 06:20:44.000000 	297.000000	54.830962	-159.589564	84.400065	-0.026633	-0.007839	0.018085	0.342183	0.281369	0.510528	-0.184597	-0.012223	-0.001941	0.030736	0.255314	0.248718	0.574326
2021-07-29 06:20:45.000000 	298.000000	54.830962	-159.589564	84.400065	-0.036113	-0.000773	0.012638	0.246564	0.202753	0.367872	-0.128707	-0.020608	-0.011870	0.029981	0.183975	0.179222	0.413842
2021-07-29 06:20:46.000000 	299.000000	54.830962	-159.589564	84.400065	-0.053640	-0.019497	0.049477	0.314052	0.258259	0.468568	-0.146819	-0.018155	-0.000434	0.073318	0.234338	0.228284	0.527119
2021-07-29 06:20:47.000000 	300.000000	54.830962	-159.589564	84.400065	-0.030414	-0.013228	0.017082	0.326437	0.268455	0.487052	-0.174209	-0.017234	0.001791	0.033039	0.243587	0.237294	0.547910
2021-07-29 06:20:48.000000 	301.000000	54.830962	-159.589564	84.400065	-0.034913	-0.015158	0.035859	0.317240	0.260902	0.473335	-0.159949	-0.010415	0.002031	0.051205	0.236731	0.230616	0.532477
2021-07-29 06:20:49.000000 	302.000000	54.830962	-159.589564	84.400065	-0.034291	-0.004306	0.009119	0.289641	0.238214	0.432161	-0.155571	-0.022247	-0.007923	0.026831	0.216142	0.210559	0.486157
2021-07-29 06:20:50.000000 	303.000000	54.830962	-159.589564	84.400065	-0.035876	-0.013352	0.025865	0.299239	0.246119	0.446488	-0.153326	-0.016395	0.000002	0.043192	0.223312	0.217543	0.502271
2021-07-29 06:20:51.000000 	304.000000	54.830962	-159.589564	84.400065	-0.050099	-0.020826	0.046599	0.336690	0.276933	0.502374	-0.162174	-0.017479	0.002047	0.069321	0.251268	0.244778	0.565138
2021-07-29 06:20:52.000000 	305.000000	54.830962	-159.589564	84.400065	-0.044150	-0.004894	0.012330	0.331360	0.272560	0.494426	-0.175792	-0.028119	-0.010810	0.034896	0.247297	0.240909	0.556195
2021-07-29 06:20:53.000000 	306.000000	54.830962	-159.589564	84.400065	-0.043302	-0.012709	0.034359	0.276094	0.227111	0.411969	-0.134337	-0.017008	-0.003190	0.054016	0.206058	0.200736	0.463434
2021-07-29 06:20:54.000000 	307.000000	54.830962	-159.589564	84.400065	-0.039732	-0.003329	0.031878	0.335319	0.275840	0.500346	-0.171943	-0.013028	-0.010736	0.048177	0.250267	0.243803	0.562849
2021-07-29 06:20:55.000000 	308.000000	54.830962	-159.589564	84.400065	-0.040536	-0.016075	0.020489	0.318556	0.262061	0.475338	-0.165117	-0.023838	0.000929	0.041860	0.237763	0.231622	0.534715
2021-07-29 06:20:56.000000 	309.000000	54.830962	-159.589564	84.400065	-0.033597	-0.013942	0.032856	0.267330	0.219929	0.398905	-0.132480	-0.010790	0.001350	0.047795	0.199535	0.194381	0.448732
2021-07-29 06:20:57.000000 	310.000000	54.830962	-159.589564	84.400065	-0.029258	-0.001417	0.023787	0.398407	0.327778	0.594502	-0.215132	-0.009118	-0.008876	0.035524	0.297379	0.289699	0.668759
2021-07-29 06:20:58.000000 	311.000000	54.830962	-159.589564	84.400065	-0.053961	-0.012842	0.034844	0.262344	0.215845	0.391473	-0.122776	-0.024933	-0.006783	0.060192	0.195825	0.190768	0.440369
2021-07-29 06:20:59.000000 	312.000000	54.830962	-159.589564	84.400065	-0.038291	-0.017254	0.037789	0.266875	0.219582	0.398240	-0.128564	-0.012489	0.002817	0.055028	0.199213	0.194069	0.447979
2021-07-29 06:21:00.000000 	313.000000	54.830962	-159.589564	84.400065	-0.036326	-0.009356	0.014166	0.318248	0.261862	0.474905	-0.169344	-0.022338	-0.003900	0.033069	0.237568	0.231433	0.534217
2021-07-29 06:21:01.000000 	314.000000	54.830962	-159.589564	84.400065	-0.029538	-0.007149	0.010850	0.339383	0.279264	0.506450	-0.185158	-0.018419	-0.003601	0.026251	0.253353	0.246811	0.569699
2021-07-29 06:21:02.000000 	315.000000	54.830962	-159.589564	84.400065	-0.047314	-0.016113	0.043346	0.315780	0.259853	0.471233	-0.152572	-0.015876	-0.001399	0.064212	0.235740	0.229653	0.530082
2021-07-29 06:21:03.000000 	316.000000	54.830962	-159.589564	84.400065	-0.041163	-0.011978	0.022049	0.298952	0.246015	0.446126	-0.153316	-0.022251	-0.003129	0.042651	0.223184	0.217421	0.501837
2021-07-29 06:21:04.000000 	317.000000	54.830962	-159.589564	84.400065	-0.037584	-0.008930	0.031507	0.304519	0.250607	0.454438	-0.154214	-0.013193	-0.004738	0.047838	0.227347	0.221477	0.511186
2021-07-29 06:21:05.000000 	318.000000	54.830962	-159.589564	84.400065	-0.045308	-0.010368	0.032227	0.379215	0.312092	0.565915	-0.195324	-0.019106	-0.006084	0.052885	0.283122	0.275812	0.636581
2021-07-29 06:21:06.000000 	319.000000	54.830962	-159.589564	84.400065	-0.042602	-0.012456	0.014097	0.249574	0.205406	0.372451	-0.126861	-0.028070	-0.003184	0.037024	0.186338	0.181526	0.418957
2021-07-29 06:21:07.000000 	320.000000	54.830962	-159.589564	84.400065	-0.046662	-0.008715	0.054346	0.281774	0.231918	0.420510	-0.129069	-0.006931	-0.008105	0.071366	0.210385	0.204953	0.473014
2021-07-29 06:21:08.000000 	321.000000	54.830962	-159.589564	84.400065	-0.025268	-0.011909	0.004276	0.381558	0.314059	0.569430	-0.213070	-0.020291	0.002349	0.019528	0.284897	0.277542	0.640527
2021-07-29 06:21:09.000000 	322.000000	54.830962	-159.589564	84.400065	-0.056434	-0.013429	0.039976	0.260994	0.214833	0.389508	-0.119179	-0.024039	-0.007095	0.065841	0.194882	0.189851	0.438138
2021-07-29 06:21:10.000000 	323.000000	54.830962	-159.589564	84.400065	-0.025755	-0.009801	0.018393	0.378184	0.311309	0.564408	-0.205680	-0.011931	0.000204	0.030907	0.282396	0.275105	0.634872
2021-07-29 06:21:11.000000 	324.000000	54.830962	-159.589564	84.400065	-0.046939	-0.013220	0.024058	0.294695	0.242593	0.439812	-0.148210	-0.025873	-0.003980	0.047661	0.220060	0.214378	0.494719
2021-07-29 06:21:12.000000 	325.000000	54.830962	-159.589564	84.400065	-0.035418	-0.006101	0.036409	0.201324	0.165737	0.300466	-0.092625	-0.007903	-0.006634	0.050108	0.150341	0.146460	0.337975
2021-07-29 06:21:13.000000 	326.000000	54.830962	-159.589564	84.400065	-0.031947	-0.009624	0.042341	0.427186	0.351690	0.637561	-0.223089	-0.002831	-0.002121	0.053791	0.319016	0.310780	0.717149
2021-07-29 06:21:14.000000 	327.000000	54.830962	-159.589564	84.400065	-0.043973	-0.020052	0.025186	0.289788	0.238583	0.432503	-0.145052	-0.024899	0.003458	0.048354	0.216415	0.210829	0.486491
2021-07-29 06:21:15.000000 	328.000000	54.830962	-159.589564	84.400065	-0.049950	-0.018062	0.040764	0.236107	0.194396	0.352389	-0.105780	-0.019938	-0.000491	0.063916	0.176332	0.171780	0.396375
2021-07-29 06:21:16.000000 	329.000000	54.830962	-159.589564	84.400065	-0.033293	0.002837	0.018623	0.426396	0.351083	0.636401	-0.232930	-0.013972	-0.014270	0.032627	0.318454	0.310234	0.715836
2021-07-29 06:21:17.000000 	330.000000	54.830962	-159.589564	84.400065	-0.027453	-0.013528	0.017147	0.298959	0.246165	0.446205	-0.159056	-0.015013	0.003105	0.031554	0.223285	0.217522	0.501898
2021-07-29 06:21:18.000000 	331.000000	54.830962	-159.589564	84.400065	-0.050725	-0.012359	0.025129	0.303403	0.249835	0.452842	-0.151873	-0.027911	-0.006106	0.050407	0.226611	0.220762	0.509361
2021-07-29 06:21:19.000000 	332.000000	54.830962	-159.589564	84.400065	-0.050677	-0.004831	0.047507	0.301395	0.248192	0.449851	-0.142591	-0.012839	-0.013145	0.067162	0.225118	0.219308	0.505994
2021-07-29 06:21:20.000000 	333.000000	54.830962	-159.589564	84.400065	-0.029207	-0.013350	0.012397	0.294763	0.242741	0.439957	-0.157996	-0.019042	0.002326	0.028582	0.220172	0.214489	0.494863
2021-07-29 06:21:21.000000 	334.000000	54.830962	-159.589564	84.400065	-0.047064	-0.013260	0.041282	0.279031	0.229795	0.416480	-0.132271	-0.016059	-0.003985	0.061816	0.208427	0.203048	0.468455
