2021-07-29 06:12:43.000000 	-184.000000	55.821899	-155.622406	222.600030	-0.030584	-0.010542	0.007157	0.403682	0.323900	0.594312	-0.220885	-0.022625	-0.003021	0.024015	0.297296	0.286581	0.671240
2021-07-29 06:12:44.000000 	-183.000000	55.821899	-155.622406	222.600030	-0.029742	-0.011227	0.013319	0.264724	0.212412	0.389744	-0.138306	-0.018763	-0.002050	0.028841	0.194961	0.187934	0.440192
2021-07-29 06:12:45.000000 	-182.000000	55.821899	-155.622406	222.600030	-0.044328	-0.017168	0.011711	0.238880	0.191681	0.351702	-0.118723	-0.032687	-0.002659	0.036351	0.175929	0.169587	0.397227
2021-07-29 06:12:46.000000 	-181.000000	55.821899	-155.622406	222.600030	-0.031664	-0.024156	0.013077	0.360009	0.288885	0.530053	-0.191532	-0.024762	0.008933	0.032621	0.265139	0.255582	0.598663
2021-07-29 06:12:47.000000 	-180.000000	55.821899	-155.622406	222.600030	-0.020272	-0.005432	-0.002868	0.323814	0.259848	0.476773	-0.181995	-0.018742	-0.003420	0.009260	0.238484	0.229887	0.538485
2021-07-29 06:12:48.000000 	-179.000000	55.821899	-155.622406	222.600030	-0.033942	-0.017385	0.000138	0.305104	0.244842	0.449236	-0.164781	-0.031435	0.001826	0.021512	0.224707	0.216606	0.507384
2021-07-29 06:12:49.000000 	-178.000000	55.821899	-155.622406	222.600030	-0.028949	-0.008028	0.014751	0.292089	0.234405	0.430083	-0.154144	-0.016269	-0.004637	0.028877	0.215123	0.207367	0.485751
2021-07-29 06:12:50.000000 	-177.000000	55.821899	-155.622406	222.600030	-0.046489	-0.019599	0.023454	0.349929	0.280830	0.515260	-0.177949	-0.028548	-0.001336	0.047735	0.257724	0.248432	0.581953
2021-07-29 06:12:51.000000 	-176.000000	55.821899	-155.622406	222.600030	-0.023376	-0.015025	0.005345	0.306208	0.245750	0.450893	-0.166782	-0.019743	0.004037	0.019867	0.225525	0.217393	0.509253
2021-07-29 06:12:52.000000 	-175.000000	55.821899	-155.622406	222.600030	-0.032275	-0.015744	-0.001594	0.325258	0.261046	0.478955	-0.177805	-0.030592	0.001019	0.018846	0.239558	0.230919	0.540948
2021-07-29 06:12:53.000000 	-174.000000	55.821899	-155.622406	222.600030	-0.026279	-0.014273	0.011292	0.300831	0.241449	0.442996	-0.160653	-0.018332	0.002154	0.026098	0.221569	0.213579	0.500334
2021-07-29 06:12:54.000000 	-173.000000	55.821899	-155.622406	222.600030	-0.040640	-0.015374	0.014520	0.347087	0.278583	0.511124	-0.181925	-0.027717	-0.002771	0.036371	0.255640	0.246420	0.577279
2021-07-29 06:12:55.000000 	-172.000000	55.821899	-155.622406	222.600030	-0.029003	-0.029213	0.013395	0.285254	0.228961	0.420077	-0.148180	-0.024305	0.014638	0.032696	0.210100	0.202522	0.474447
2021-07-29 06:12:56.000000 	-171.000000	55.821899	-155.622406	222.600030	-0.043918	-0.019227	0.030233	0.341896	0.274434	0.503503	-0.171467	-0.022675	-0.000614	0.051942	0.251821	0.242738	0.568671
2021-07-29 06:12:57.000000 	-170.000000	55.821899	-155.622406	222.600030	-0.025097	-0.002645	0.000092	0.336821	0.270368	0.496041	-0.187290	-0.019763	-0.007950	0.013531	0.248085	0.239136	0.560242
2021-07-29 06:12:58.000000 	-169.000000	55.821899	-155.622406	222.600030	-0.031018	-0.021630	0.019227	0.305782	0.245460	0.450340	-0.158258	-0.019958	0.006899	0.036793	0.225226	0.217101	0.508626
2021-07-29 06:12:59.000000 	-168.000000	55.821899	-155.622406	222.600030	-0.042110	-0.010259	0.011876	0.301829	0.242295	0.444528	-0.156764	-0.028563	-0.008036	0.033750	0.222316	0.214296	0.502062
2021-07-29 06:13:00.000000 	-167.000000	55.821899	-155.622406	222.600030	-0.026047	-0.010513	0.006674	0.350073	0.281031	0.515593	-0.191381	-0.019468	-0.001175	0.021286	0.257853	0.248550	0.582323
2021-07-29 06:13:01.000000 	-166.000000	55.821899	-155.622406	222.600030	-0.029590	-0.017180	0.002403	0.322925	0.259245	0.475620	-0.175577	-0.026814	0.003435	0.021112	0.237859	0.229277	0.537177
2021-07-29 06:13:02.000000 	-165.000000	55.821899	-155.622406	222.600030	-0.034951	-0.020543	0.016345	0.318721	0.255878	0.469439	-0.165881	-0.024169	0.004286	0.036169	0.234765	0.226293	0.530195
2021-07-29 06:13:03.000000 	-164.000000	55.821899	-155.622406	222.600030	-0.036562	-0.017110	0.021562	0.329310	0.264387	0.485046	-0.169923	-0.021281	0.000494	0.040513	0.242566	0.233813	0.547822
2021-07-29 06:13:04.000000 	-163.000000	55.821899	-155.622406	222.600030	-0.025505	-0.009945	-0.002480	0.316885	0.254419	0.466756	-0.175911	-0.024008	-0.001468	0.013304	0.233416	0.224993	0.527164
2021-07-29 06:13:05.000000 	-162.000000	55.821899	-155.622406	222.600030	-0.032636	-0.015336	0.011225	0.328020	0.263368	0.483169	-0.174496	-0.023523	0.000499	0.029542	0.241621	0.232900	0.545700
2021-07-29 06:13:06.000000 	-161.000000	55.821899	-155.622406	222.600030	-0.036017	-0.013935	0.011403	0.316076	0.253785	0.465586	-0.166677	-0.025492	-0.002173	0.031094	0.232825	0.224421	0.525841
2021-07-29 06:13:07.000000 	-160.000000	55.821899	-155.622406	222.600030	-0.026917	-0.025081	0.014271	0.338116	0.271490	0.498063	-0.179619	-0.020830	0.011735	0.031395	0.249062	0.240072	0.562521
2021-07-29 06:13:08.000000 	-159.000000	55.821899	-155.622406	222.600030	-0.029766	-0.015688	0.007535	0.299011	0.240099	0.440470	-0.159905	-0.023554	0.002003	0.025102	0.220259	0.212308	0.497474
2021-07-29 06:13:09.000000 	-158.000000	55.821899	-155.622406	222.600030	-0.030778	-0.020129	0.002056	0.291385	0.233982	0.429246	-0.156733	-0.028910	0.005631	0.022117	0.214644	0.206895	0.484797
2021-07-29 06:13:10.000000 	-157.000000	55.821899	-155.622406	222.600030	-0.038414	-0.011659	0.015688	0.370787	0.297751	0.546227	-0.196252	-0.024115	-0.005236	0.035338	0.273136	0.263275	0.616917
2021-07-29 06:13:11.000000 	-156.000000	55.821899	-155.622406	222.600030	-0.036462	-0.019444	0.012263	0.316933	0.254512	0.466902	-0.166105	-0.027226	0.002661	0.033311	0.233467	0.225037	0.527324
2021-07-29 06:13:12.000000 	-155.000000	55.821899	-155.622406	222.600030	-0.028609	-0.013897	0.008162	0.307743	0.247140	0.453374	-0.165257	-0.021718	0.000850	0.024613	0.226700	0.218514	0.512046
2021-07-29 06:13:13.000000 	-154.000000	55.821899	-155.622406	222.600030	-0.030164	-0.017392	0.021142	0.314784	0.252802	0.463757	-0.163469	-0.016791	0.003391	0.036958	0.231888	0.223515	0.523772
2021-07-29 06:13:14.000000 	-153.000000	55.821899	-155.622406	222.600030	-0.031146	-0.010457	0.002595	0.280058	0.224921	0.412607	-0.150965	-0.025582	-0.003330	0.020508	0.206309	0.198859	0.466002
2021-07-29 06:13:15.000000 	-152.000000	55.821899	-155.622406	222.600030	-0.027947	-0.019355	0.007256	0.363465	0.291915	0.535501	-0.197415	-0.023592	0.006094	0.024790	0.267755	0.258085	0.604799
2021-07-29 06:13:16.000000 	-151.000000	55.821899	-155.622406	222.600030	-0.033703	-0.025668	0.008043	0.267882	0.215155	0.394686	-0.139259	-0.029643	0.009469	0.029851	0.197344	0.190216	0.445761
2021-07-29 06:13:17.000000 	-150.000000	55.821899	-155.622406	222.600030	-0.038797	-0.014144	0.025956	0.339424	0.272624	0.500104	-0.173749	-0.019483	-0.003131	0.044605	0.250050	0.241018	0.564820
2021-07-29 06:13:18.000000 	-149.000000	55.821899	-155.622406	222.600030	-0.026707	-0.011301	0.001831	0.365149	0.293295	0.538019	-0.201714	-0.022955	-0.000730	0.017801	0.269004	0.259286	0.607642
2021-07-29 06:13:19.000000 	-148.000000	55.821899	-155.622406	222.600030	-0.029637	-0.017597	0.004872	0.269283	0.216301	0.396778	-0.143509	-0.025605	0.003795	0.023275	0.198382	0.191215	0.448122
2021-07-29 06:13:20.000000 	-147.000000	55.821899	-155.622406	222.600030	-0.042570	-0.014562	0.022348	0.333914	0.268224	0.492020	-0.170821	-0.024496	-0.004307	0.043647	0.245998	0.237111	0.555688
2021-07-29 06:13:21.000000 	-146.000000	55.821899	-155.622406	222.600030	-0.026494	-0.011238	0.010783	0.297853	0.239264	0.438893	-0.159422	-0.017744	-0.000699	0.025083	0.219434	0.211505	0.495687
2021-07-29 06:13:22.000000 	-145.000000	55.821899	-155.622406	222.600030	-0.040617	-0.009353	0.012296	0.286734	0.230339	0.422519	-0.148409	-0.026893	-0.008245	0.033124	0.211244	0.203611	0.477193
2021-07-29 06:13:23.000000 	-144.000000	55.821899	-155.622406	222.600030	-0.040439	-0.020681	0.032499	0.320405	0.257396	0.472147	-0.158997	-0.019277	0.002146	0.052373	0.236053	0.227523	0.533242
2021-07-29 06:13:24.000000 	-143.000000	55.821899	-155.622406	222.600030	-0.032114	-0.020960	0.021977	0.353762	0.284202	0.521312	-0.184758	-0.019010	0.005837	0.039474	0.260631	0.251212	0.588769
2021-07-29 06:13:25.000000 	-142.000000	55.821899	-155.622406	222.600030	-0.024951	-0.011597	-0.009297	0.280550	0.225392	0.413434	-0.157423	-0.027984	0.000264	0.007765	0.206694	0.199224	0.466931
2021-07-29 06:13:26.000000 	-141.000000	55.821899	-155.622406	222.600030	-0.032126	-0.007801	0.013734	0.279540	0.224588	0.411955	-0.146407	-0.019157	-0.006154	0.029610	0.205953	0.198509	0.465261
2021-07-29 06:13:27.000000 	-140.000000	55.821899	-155.622406	222.600030	-0.038390	-0.029382	0.028352	0.333307	0.267794	0.491203	-0.167641	-0.023034	0.010917	0.049912	0.245569	0.236692	0.554762
2021-07-29 06:13:28.000000 	-139.000000	55.821899	-155.622406	222.600030	-0.035642	-0.019464	0.021125	0.328317	0.263793	0.483860	-0.169547	-0.021637	0.003018	0.040227	0.241895	0.233151	0.546468
2021-07-29 06:13:29.000000 	-138.000000	55.821899	-155.622406	222.600030	-0.033316	-0.008596	-0.002494	0.270513	0.217356	0.398680	-0.146869	-0.029441	-0.005922	0.016977	0.199308	0.192103	0.450265
2021-07-29 06:13:30.000000 	-137.000000	55.821899	-155.622406	222.600030	-0.026722	-0.013306	0.011446	0.307357	0.246968	0.452991	-0.164387	-0.018249	0.001090	0.026228	0.226457	0.218270	0.511604
2021-07-29 06:13:31.000000 	-136.000000	55.821899	-155.622406	222.600030	-0.029468	-0.024908	-0.002199	0.411276	0.330479	0.606162	-0.227625	-0.031946	0.010524	0.019035	0.303026	0.292070	0.684593
2021-07-29 06:13:32.000000 	-135.000000	55.821899	-155.622406	222.600030	-0.044587	-0.014228	0.031831	0.222969	0.179172	0.328632	-0.102092	-0.020575	-0.005444	0.052447	0.164284	0.158344	0.371153
2021-07-29 06:13:33.000000 	-134.000000	55.821899	-155.622406	222.600030	-0.028414	-0.023832	0.004809	0.378985	0.304551	0.558595	-0.206694	-0.026847	0.009979	0.024043	0.279240	0.269143	0.630870
2021-07-29 06:13:34.000000 	-133.000000	55.821899	-155.622406	222.600030	-0.034248	-0.009744	0.012263	0.305145	0.245221	0.449770	-0.161000	-0.022245	-0.005261	0.029928	0.224836	0.216706	0.507964
2021-07-29 06:13:35.000000 	-132.000000	55.821899	-155.622406	222.600030	-0.016918	-0.027427	-0.003420	0.327638	0.263305	0.482934	-0.182781	-0.024035	0.017999	0.012187	0.241412	0.232681	0.545419
2021-07-29 06:13:36.000000 	-131.000000	55.821899	-155.622406	222.600030	-0.043703	-0.002423	0.019681	0.327633	0.263309	0.482938	-0.169011	-0.022703	-0.015832	0.039206	0.241411	0.232680	0.545422
2021-07-29 06:13:37.000000 	-130.000000	55.821899	-155.622406	222.600030	-0.034417	-0.020599	0.021965	0.329937	0.265169	0.486345	-0.170387	-0.020629	0.004557	0.040559	0.243111	0.234318	0.549269
2021-07-29 06:13:38.000000 	-129.000000	55.821899	-155.622406	222.600030	-0.026513	-0.018242	-0.005558	0.356459	0.286494	0.525452	-0.198804	-0.029330	0.005672	0.013198	0.262657	0.253156	0.593436
2021-07-29 06:13:39.000000 	-128.000000	55.821899	-155.622406	222.600030	-0.034193	-0.017570	0.018787	0.305747	0.245743	0.450708	-0.158024	-0.021211	0.001890	0.037112	0.225292	0.217142	0.509020
2021-07-29 06:13:40.000000 	-127.000000	55.821899	-155.622406	222.600030	-0.027838	-0.009889	0.013704	0.323529	0.260044	0.476931	-0.172918	-0.016655	-0.002482	0.027874	0.238397	0.229773	0.538636
2021-07-29 06:13:41.000000 	-126.000000	55.821899	-155.622406	222.600030	-0.042954	-0.013508	0.010186	0.313050	0.251629	0.461494	-0.163373	-0.031258	-0.005425	0.033537	0.230678	0.222332	0.521201
2021-07-29 06:13:42.000000 	-125.000000	55.821899	-155.622406	222.600030	-0.026946	-0.021041	0.003627	0.349914	0.281269	0.515850	-0.191082	-0.025452	0.008043	0.021667	0.257846	0.248516	0.582589
2021-07-29 06:13:43.000000 	-124.000000	55.821899	-155.622406	222.600030	-0.040732	-0.021963	0.015665	0.242601	0.195015	0.357655	-0.120047	-0.029393	0.003193	0.038894	0.178770	0.172301	0.403926
2021-07-29 06:13:44.000000 	-123.000000	55.821899	-155.622406	222.600030	-0.033431	-0.017115	0.023716	0.356159	0.286307	0.525080	-0.185555	-0.017713	0.001790	0.040695	0.262453	0.252955	0.593011
2021-07-29 06:13:45.000000 	-122.000000	55.821899	-155.622406	222.600030	-0.026338	-0.013046	-0.000355	0.312980	0.251604	0.461431	-0.172319	-0.024501	0.001012	0.016208	0.230637	0.222290	0.521128
2021-07-29 06:13:46.000000 	-121.000000	55.821899	-155.622406	222.600030	-0.030221	-0.011744	0.021609	0.319920	0.257191	0.471673	-0.166886	-0.014643	-0.001777	0.036063	0.235754	0.227221	0.532694
2021-07-29 06:13:47.000000 	-120.000000	55.821899	-155.622406	222.600030	-0.035012	-0.014370	0.021469	0.258100	0.207500	0.380538	-0.129486	-0.019229	-0.001362	0.039008	0.190200	0.183315	0.429768
2021-07-29 06:13:48.000000 	-119.000000	55.821899	-155.622406	222.600030	-0.035063	-0.017883	0.000124	0.308283	0.247852	0.454537	-0.166300	-0.032458	0.001817	0.022191	0.227184	0.218960	0.513339
2021-07-29 06:13:49.000000 	-118.000000	55.821899	-155.622406	222.600030	-0.033278	-0.002673	0.022247	0.356376	0.286527	0.525457	-0.187709	-0.013491	-0.011300	0.036052	0.262628	0.253120	0.593434
2021-07-29 06:13:50.000000 	-117.000000	55.821899	-155.622406	222.600030	-0.045595	-0.035330	0.041991	0.311383	0.250360	0.459128	-0.146751	-0.022832	0.013360	0.066261	0.229473	0.221165	0.518523
2021-07-29 06:13:51.000000 	-116.000000	55.821899	-155.622406	222.600030	-0.028468	-0.002707	-0.003842	0.309285	0.248681	0.456043	-0.171929	-0.024534	-0.009285	0.012016	0.227929	0.219677	0.515039
2021-07-29 06:13:52.000000 	-115.000000	55.821899	-155.622406	222.600030	-0.026876	-0.014394	0.009807	0.323536	0.260148	0.477068	-0.174247	-0.019658	0.002018	0.025203	0.238435	0.229802	0.538783
2021-07-29 06:13:53.000000 	-114.000000	55.821899	-155.622406	222.600030	-0.030662	-0.023211	0.006899	0.346584	0.278689	0.511064	-0.186610	-0.027155	0.008486	0.026778	0.255423	0.246174	0.577176
2021-07-29 06:13:54.000000 	-113.000000	55.821899	-155.622406	222.600030	-0.035765	-0.013458	0.009296	0.307545	0.247306	0.453508	-0.162717	-0.026323	-0.002504	0.029111	0.226655	0.218447	0.512174
2021-07-29 06:13:55.000000 	-112.000000	55.821899	-155.622406	222.600030	-0.026881	-0.014585	0.004242	0.329445	0.264925	0.485812	-0.179788	-0.022853	0.002189	0.020645	0.242798	0.234005	0.548656
2021-07-29 06:13:56.000000 	-111.000000	55.821899	-155.622406	222.600030	-0.048985	-0.019913	0.025521	0.330314	0.265632	0.487104	-0.165062	-0.029375	-0.002081	0.050796	0.243441	0.234624	0.550115
2021-07-29 06:13:57.000000 	-110.000000	55.821899	-155.622406	222.600030	-0.024459	-0.022760	0.004588	0.320432	0.257693	0.472542	-0.174147	-0.023626	0.010635	0.021588	0.236161	0.227607	0.533668
2021-07-29 06:13:58.000000 	-109.000000	55.821899	-155.622406	222.600030	-0.023845	-0.016849	0.012947	0.315773	0.253954	0.465681	-0.169110	-0.016448	0.005505	0.026819	0.232730	0.224299	0.525919
2021-07-29 06:13:59.000000 	-108.000000	55.821899	-155.622406	222.600030	-0.038001	-0.015779	0.012766	0.312018	0.250943	0.460154	-0.163082	-0.026851	-0.001312	0.033664	0.229965	0.221634	0.519676
2021-07-29 06:14:00.000000 	-107.000000	55.821899	-155.622406	222.600030	-0.035172	-0.014479	0.008368	0.303660	0.244229	0.447838	-0.160891	-0.026746	-0.001329	0.028277	0.223808	0.215700	0.505767
2021-07-29 06:14:01.000000 	-106.000000	55.821899	-155.622406	222.600030	-0.030061	-0.016635	0.003503	0.337206	0.271217	0.497322	-0.183434	-0.026365	0.002744	0.022137	0.248535	0.239530	0.561650
2021-07-29 06:14:02.000000 	-105.000000	55.821899	-155.622406	222.600030	-0.033135	-0.016536	0.019005	0.313447	0.252116	0.462291	-0.162849	-0.019938	0.001386	0.036512	0.231027	0.222655	0.522088
2021-07-29 06:14:03.000000 	-104.000000	55.821899	-155.622406	222.600030	-0.029794	-0.012403	0.002211	0.305124	0.245429	0.450025	-0.165890	-0.025444	-0.001000	0.019950	0.224895	0.216745	0.508235
2021-07-29 06:14:04.000000 	-103.000000	55.821899	-155.622406	222.600030	-0.037493	-0.013478	0.027651	0.331421	0.266591	0.488822	-0.168956	-0.017321	-0.003199	0.045186	0.244280	0.235428	0.552049
2021-07-29 06:14:05.000000 	-102.000000	55.821899	-155.622406	222.600030	-0.026275	-0.023603	0.001953	0.346113	0.278417	0.510502	-0.189426	-0.026762	0.010654	0.020533	0.255112	0.245866	0.576533
2021-07-29 06:14:06.000000 	-101.000000	55.821899	-155.622406	222.600030	-0.036459	-0.022076	0.011413	0.212328	0.170805	0.313182	-0.105314	-0.028600	0.005059	0.033216	0.156504	0.150832	0.353690
2021-07-29 06:14:07.000000 	-100.000000	55.821899	-155.622406	222.600030	-0.024747	-0.008672	0.007673	0.328831	0.264532	0.485033	-0.179356	-0.017298	-0.002315	0.021022	0.242380	0.233594	0.547768
2021-07-29 06:14:08.000000 	-99.000000	55.821899	-155.622406	222.600030	-0.034544	-0.019996	0.003007	0.321600	0.258724	0.474377	-0.172887	-0.031169	0.003955	0.024800	0.237053	0.228460	0.535733
2021-07-29 06:14:09.000000 	-98.000000	55.821899	-155.622406	222.600030	-0.040712	-0.018413	0.035001	0.255698	0.205713	0.377176	-0.120684	-0.017303	-0.000032	0.054058	0.188479	0.181646	0.425960
2021-07-29 06:14:10.000000 	-97.000000	55.821899	-155.622406	222.600030	-0.020300	-0.008430	-0.007330	0.369130	0.296980	0.544510	-0.209691	-0.022293	-0.000700	0.006278	0.272094	0.262229	0.614935
2021-07-29 06:14:11.000000 	-96.000000	55.821899	-155.622406	222.600030	-0.043900	-0.017309	0.046583	0.231721	0.186435	0.341823	-0.101270	-0.012822	-0.002354	0.065015	0.170809	0.164616	0.386033
2021-07-29 06:14:12.000000 	-95.000000	55.821899	-155.622406	222.600030	-0.032507	-0.006313	0.003158	0.349188	0.280954	0.515114	-0.190890	-0.024877	-0.007667	0.020710	0.257401	0.248067	0.581737
2021-07-29 06:14:13.000000 	-94.000000	55.821899	-155.622406	222.600030	-0.039238	-0.015385	0.017808	0.362388	0.289567	0.647705	-0.172860	-0.024817	-0.002182	0.038378	0.303484	0.276082	0.682914
2021-07-29 06:14:14.000000 	-93.000000	55.821899	-155.622406	222.600030	-0.022848	-0.026612	0.006198	0.353913	0.282783	0.632636	-0.177783	-0.022822	0.014809	0.022989	0.296397	0.269619	0.667011
2021-07-29 06:14:15.000000 	-92.000000	55.821899	-155.622406	222.600030	-0.022011	-0.022291	-0.015704	0.337427	0.269599	0.603241	-0.179383	-0.033020	0.011219	0.003439	0.282599	0.257053	0.636005
2021-07-29 06:14:16.000000 	-91.000000	55.821899	-155.622406	222.600030	-0.023208	-0.012885	-0.001616	0.365719	0.292191	0.653902	-0.188022	-0.022796	0.002157	0.013526	0.306304	0.278599	0.689401
2021-07-29 06:14:17.000000 	-90.000000	55.821899	-155.622406	222.600030	-0.035426	-0.018137	0.004945	0.372599	0.297675	0.666284	-0.185106	-0.030110	0.001898	0.026423	0.312076	0.283833	0.702440
2021-07-29 06:14:18.000000 	-89.000000	55.821899	-155.622406	222.600030	-0.027575	-0.016551	0.013465	0.298844	0.240494	0.440905	-0.158143	-0.018867	0.003693	0.029087	0.220307	0.212315	0.497925
2021-07-29 06:14:19.000000 	-88.000000	55.821899	-155.622406	222.600030	-0.041387	-0.024311	0.015422	0.333701	0.268554	0.492342	-0.172695	-0.030824	0.005062	0.039573	0.246006	0.237081	0.556013
2021-07-29 06:14:20.000000 	-87.000000	55.821899	-155.622406	222.600030	-0.018090	-0.010429	0.008733	0.331416	0.266724	0.488981	-0.182098	-0.012287	0.002032	0.018899	0.244325	0.235461	0.552218
2021-07-29 06:14:21.000000 	-86.000000	55.821899	-155.622406	222.600030	-0.041248	-0.025046	0.011141	0.313562	0.252363	0.462649	-0.162564	-0.033375	0.005788	0.036130	0.231166	0.222778	0.522479
2021-07-29 06:14:22.000000 	-85.000000	55.821899	-155.622406	222.600030	-0.024480	-0.014496	0.007833	0.337934	0.271987	0.498618	-0.184042	-0.018996	0.003099	0.022367	0.249137	0.240096	0.563100
2021-07-29 06:14:23.000000 	-84.000000	55.821899	-155.622406	222.600030	-0.023056	-0.003788	0.009679	0.318145	0.256068	0.469430	-0.173365	-0.013230	-0.006066	0.020683	0.234550	0.226038	0.530136
2021-07-29 06:14:24.000000 	-83.000000	55.821899	-155.622406	222.600030	-0.040107	-0.019917	0.010156	0.288223	0.231993	0.425289	-0.149176	-0.031317	0.001587	0.033542	0.212494	0.204782	0.480287
2021-07-29 06:14:25.000000 	-82.000000	55.821899	-155.622406	222.600030	-0.038103	-0.026007	0.017115	0.306629	0.246816	0.452458	-0.157095	-0.027978	0.007961	0.039686	0.226067	0.217861	0.510967
2021-07-29 06:14:26.000000 	-81.000000	55.821899	-155.622406	222.600030	-0.029113	-0.012695	0.008339	0.400808	0.322634	0.591439	-0.219122	-0.021588	-0.000453	0.024739	0.295505	0.284779	0.667920
2021-07-29 06:14:27.000000 	-80.000000	55.821899	-155.622406	222.600030	-0.028630	-0.006464	0.013390	0.265796	0.213961	0.392220	-0.139806	-0.016259	-0.005929	0.027225	0.195967	0.188853	0.442939
2021-07-29 06:14:28.000000 	-79.000000	55.821899	-155.622406	222.600030	-0.025844	-0.018324	0.003900	0.280748	0.226006	0.414294	-0.151626	-0.023540	0.006023	0.020699	0.206994	0.199479	0.467867
2021-07-29 06:14:29.000000 	-78.000000	55.821899	-155.622406	222.600030	-0.034991	-0.020297	0.013249	0.360904	0.290541	0.532589	-0.191654	-0.025855	0.004045	0.033572	0.266095	0.256434	0.601458
2021-07-29 06:14:30.000000 	-77.000000	55.821899	-155.622406	222.600030	-0.019612	-0.008382	-0.006195	0.340386	0.274033	0.502321	-0.192872	-0.021121	-0.000460	0.006853	0.250971	0.241858	0.567276
2021-07-29 06:14:31.000000 	-76.000000	55.821899	-155.622406	222.600030	-0.044131	-0.028967	0.030860	0.314237	0.252989	0.463741	-0.154093	-0.025809	0.008170	0.054828	0.231694	0.223280	0.523706
2021-07-29 06:14:32.000000 	-75.000000	55.821899	-155.622406	222.600030	-0.034106	-0.012926	0.003693	0.343683	0.276705	0.507208	-0.186401	-0.028039	-0.002303	0.023504	0.253409	0.244206	0.572793
2021-07-29 06:14:33.000000 	-74.000000	55.821899	-155.622406	222.600030	-0.032240	-0.018196	0.025882	0.330868	0.266396	0.488306	-0.170363	-0.015968	0.003267	0.042127	0.243963	0.235103	0.551445
2021-07-29 06:14:34.000000 	-73.000000	55.821899	-155.622406	222.600030	-0.035806	-0.014131	0.030499	0.280637	0.225960	0.414181	-0.138870	-0.014674	-0.001908	0.046830	0.206928	0.199412	0.467735
2021-07-29 06:14:35.000000 	-72.000000	55.821899	-155.622406	222.600030	-0.025645	-0.001801	0.000243	0.387173	0.311750	0.571425	-0.216417	-0.019803	-0.008945	0.013741	0.285486	0.275117	0.645311
2021-07-29 06:14:36.000000 	-71.000000	55.821899	-155.622406	222.600030	-0.036319	-0.012319	0.015576	0.348248	0.280417	0.513988	-0.183923	-0.022824	-0.003770	0.034326	0.256788	0.247460	0.580446
2021-07-29 06:14:37.000000 	-70.000000	55.821899	-155.622406	222.600030	-0.034554	-0.017253	0.004945	0.342206	0.273160	0.613451	-0.169035	-0.029151	0.001453	0.025772	0.286812	0.260555	0.646447
2021-07-29 06:14:38.000000 	-69.000000	55.821899	-155.622406	222.600030	-0.016859	-0.019336	-0.002570	0.324133	0.258722	0.581124	-0.167705	-0.020750	0.010653	0.010983	0.271674	0.246788	0.612367
2021-07-29 06:14:39.000000 	-68.000000	55.821899	-155.622406	222.600030	-0.040736	-0.009900	0.015803	0.363519	0.290148	0.651818	-0.173793	-0.025198	-0.007796	0.036213	0.304696	0.276769	0.686847
2021-07-29 06:14:40.000000 	-67.000000	55.821899	-155.622406	222.600030	-0.012576	-0.016697	-0.030197	0.318549	0.254243	0.571254	-0.178457	-0.032142	0.010017	-0.014675	0.267012	0.242525	0.601939
2021-07-29 06:14:41.000000 	-66.000000	55.821899	-155.622406	222.600030	-0.042123	-0.025702	0.017968	0.390095	0.311334	0.699645	-0.186056	-0.030424	0.006025	0.042378	0.326994	0.296989	0.737209
2021-07-29 06:14:42.000000 	-65.000000	55.821899	-155.622406	222.600030	-0.009337	-0.016594	-0.017106	0.362195	0.289054	0.649684	-0.196548	-0.022311	0.011261	-0.005526	0.303617	0.275741	0.684551
2021-07-29 06:14:43.000000 	-64.000000	55.821899	-155.622406	222.600030	-0.045934	-0.016834	0.028509	0.340382	0.274146	0.502450	-0.171081	-0.024346	-0.003626	0.050992	0.251012	0.241889	0.567411
2021-07-29 06:14:44.000000 	-63.000000	55.821899	-155.622406	222.600030	-0.038019	-0.020305	0.012731	0.217384	0.175089	0.320895	-0.107561	-0.028430	0.002802	0.034694	0.160311	0.154484	0.362383
2021-07-29 06:14:45.000000 	-62.000000	55.821899	-155.622406	222.600030	-0.026242	-0.015111	0.004813	0.368764	0.297025	0.544368	-0.202531	-0.022230	0.002933	0.020913	0.271950	0.262064	0.614746
2021-07-29 06:14:46.000000 	-61.000000	55.821899	-155.622406	222.600030	-0.034862	-0.003984	0.012158	0.337790	0.272086	0.498655	-0.180424	-0.020801	-0.010760	0.028820	0.249111	0.240055	0.563122
2021-07-29 06:14:47.000000 	-60.000000	55.821899	-155.622406	222.600030	-0.030370	-0.022264	0.019335	0.267948	0.215836	0.395560	-0.136532	-0.019626	0.007743	0.036698	0.197607	0.190423	0.446699
2021-07-29 06:14:48.000000 	-59.000000	55.821899	-155.622406	222.600030	-0.021342	-0.012072	-0.001601	0.332115	0.267532	0.490297	-0.185492	-0.021104	0.002187	0.012395	0.244933	0.236027	0.553682
2021-07-29 06:14:49.000000 	-58.000000	55.821899	-155.622406	222.600030	-0.039251	-0.020695	0.007669	0.302096	0.243359	0.445990	-0.158385	-0.032335	0.002649	0.031228	0.222797	0.214696	0.503646
2021-07-29 06:14:50.000000 	-57.000000	55.821899	-155.622406	222.600030	-0.034801	-0.015302	0.003623	0.316213	0.254740	0.466841	-0.170068	-0.029414	-0.000426	0.024352	0.233212	0.224731	0.527192
2021-07-29 06:14:51.000000 	-56.000000	55.821899	-155.622406	222.600030	-0.028556	-0.018170	0.015715	0.414679	0.334074	0.612222	-0.223897	-0.018894	0.004764	0.031825	0.305836	0.294713	0.691367
2021-07-29 06:14:52.000000 	-55.000000	55.821899	-155.622406	222.600030	-0.020739	-0.015975	-0.003882	0.287381	0.231528	0.424291	-0.160190	-0.023263	0.005990	0.011105	0.211954	0.204245	0.479140
2021-07-29 06:14:53.000000 	-54.000000	55.821899	-155.622406	222.600030	-0.051195	-0.014937	0.043111	0.349135	0.281290	0.515476	-0.169081	-0.019459	-0.007525	0.065325	0.257504	0.248137	0.582112
2021-07-29 06:14:54.000000 	-53.000000	55.821899	-155.622406	222.600030	-0.036498	-0.014590	0.005391	0.294508	0.237286	0.434831	-0.156376	-0.029456	-0.001775	0.026518	0.217216	0.209315	0.491042
2021-07-29 06:14:55.000000 	-52.000000	55.821899	-155.622406	222.600030	-0.014751	-0.009634	-0.003470	0.350066	0.282059	0.516872	-0.198671	-0.016354	0.002686	0.006911	0.258198	0.248805	0.583687
2021-07-29 06:14:56.000000 	-51.000000	55.821899	-155.622406	222.600030	-0.039722	-0.017672	0.020078	0.311971	0.251373	0.460634	-0.159631	-0.024687	-0.000298	0.041033	0.230103	0.221732	0.520178
2021-07-29 06:14:57.000000 	-50.000000	55.821899	-155.622406	222.600030	-0.028230	-0.018431	0.010027	0.280367	0.225915	0.413978	-0.148421	-0.021933	0.005136	0.027014	0.206796	0.199272	0.467491
2021-07-29 06:14:58.000000 	-49.000000	55.821899	-155.622406	222.600030	-0.038677	-0.018484	0.021557	0.352724	0.284228	0.520827	-0.182913	-0.023346	0.000872	0.041910	0.260169	0.250702	0.588151
2021-07-29 06:14:59.000000 	-48.000000	55.821899	-155.622406	222.600030	-0.025927	-0.013430	-0.017918	0.370497	0.295467	0.665971	-0.196706	-0.034189	0.001531	0.001557	0.310760	0.281949	0.701442
2021-07-29 06:15:00.000000 	-47.000000	55.821899	-155.622406	222.600030	-0.021252	-0.016167	-0.007444	0.343650	0.274045	0.617789	-0.179000	-0.025716	0.005954	0.008465	0.288251	0.261512	0.650678
2021-07-29 06:15:01.000000 	-46.000000	55.821899	-155.622406	222.600030	-0.039485	-0.027333	0.028427	0.337056	0.268775	0.606010	-0.153553	-0.023117	0.008599	0.050059	0.282730	0.256488	0.638258
2021-07-29 06:15:02.000000 	-45.000000	55.821899	-155.622406	222.600030	-0.030010	-0.011983	-0.003544	0.361018	0.287871	0.649172	-0.184067	-0.028696	-0.001472	0.015202	0.302841	0.274715	0.683701
2021-07-29 06:15:03.000000 	-44.000000	55.821899	-155.622406	222.600030	-0.019216	-0.025765	-0.026858	0.367617	0.293121	0.661120	-0.200601	-0.038366	0.015537	-0.006414	0.308387	0.279731	0.696268
2021-07-29 06:15:04.000000 	-43.000000	55.821899	-155.622406	222.600030	-0.042336	-0.013916	0.016552	0.309572	0.246828	0.556800	-0.143980	-0.027355	-0.004799	0.038583	0.259703	0.235557	0.586389
2021-07-29 06:15:05.000000 	-42.000000	55.821899	-155.622406	222.600030	-0.014983	-0.021035	-0.005498	0.360266	0.287235	0.648059	-0.188361	-0.021561	0.012976	0.007996	0.302242	0.274124	0.682482
2021-07-29 06:15:06.000000 	-41.000000	55.821899	-155.622406	222.600030	-0.022856	-0.006265	-0.009710	0.348398	0.277761	0.626787	-0.182274	-0.024817	-0.003727	0.005114	0.292295	0.265087	0.660065
2021-07-29 06:15:07.000000 	-40.000000	55.821899	-155.622406	222.600030	-0.041864	-0.034036	0.010309	0.338020	0.269476	0.608192	-0.161230	-0.037378	0.013722	0.037841	0.283599	0.257186	0.640469
2021-07-29 06:15:08.000000 	-39.000000	55.821899	-155.622406	222.600030	-0.016500	-0.019433	-0.019956	0.379342	0.302406	0.682626	-0.204672	-0.030280	0.010890	-0.003560	0.318279	0.288619	0.718836
2021-07-29 06:15:09.000000 	-38.000000	55.821899	-155.622406	222.600030	-0.040188	-0.016467	0.019565	0.314717	0.253696	0.464809	-0.161442	-0.024915	-0.001589	0.040568	0.232173	0.223718	0.524883
2021-07-29 06:15:10.000000 	-37.000000	55.821899	-155.622406	222.600030	-0.029287	-0.017126	0.010310	0.340172	0.274224	0.502413	-0.182843	-0.022125	0.003511	0.027486	0.250955	0.241815	0.567346
2021-07-29 06:15:11.000000 	-36.000000	55.821899	-155.622406	222.600030	-0.033593	-0.013496	0.015886	0.335871	0.270766	0.496071	-0.177371	-0.020998	-0.001572	0.033460	0.247787	0.238761	0.560183
2021-07-29 06:15:12.000000 	-35.000000	55.821899	-155.622406	222.600030	-0.040309	-0.020753	0.030561	0.297310	0.239688	0.439127	-0.146562	-0.020292	0.002266	0.050720	0.219342	0.211352	0.495879
2021-07-29 06:15:13.000000 	-34.000000	55.821899	-155.622406	222.600030	-0.024487	-0.011314	0.018255	0.379881	0.306266	0.561095	-0.204660	-0.012060	0.000198	0.030255	0.280263	0.270053	0.633609
2021-07-29 06:15:14.000000 	-33.000000	55.821899	-155.622406	222.600030	-0.037788	-0.016080	0.002745	0.326874	0.263540	0.482811	-0.175653	-0.032423	-0.000951	0.025335	0.241160	0.232373	0.545207
2021-07-29 06:15:15.000000 	-32.000000	55.821899	-155.622406	222.600030	-0.039971	-0.022186	0.012906	0.337595	0.272193	0.498656	-0.176698	-0.030445	0.003710	0.036274	0.249073	0.239998	0.563099
2021-07-29 06:15:16.000000 	-31.000000	55.821899	-155.622406	222.600030	-0.020598	-0.007618	0.009712	0.316355	0.255076	0.467293	-0.172729	-0.012667	-0.001563	0.020341	0.233407	0.224901	0.527681
2021-07-29 06:15:17.000000 	-30.000000	55.821899	-155.622406	222.600030	-0.023672	-0.018163	-0.007446	0.362445	0.292248	0.535383	-0.203989	-0.028223	0.006773	0.010164	0.267416	0.257670	0.604570
2021-07-29 06:15:18.000000 	-29.000000	55.821899	-155.622406	222.600030	-0.045043	-0.017289	0.016741	0.263359	0.212360	0.389027	-0.131074	-0.030440	-0.002844	0.040906	0.194312	0.187230	0.439300
2021-07-29 06:15:19.000000 	-28.000000	55.821899	-155.622406	222.600030	-0.036376	-0.017274	0.025304	0.345639	0.278716	0.510578	-0.178183	-0.019094	0.000720	0.043552	0.255024	0.245729	0.576558
2021-07-29 06:15:20.000000 	-27.000000	55.821899	-155.622406	222.600030	-0.029610	-0.013629	0.012110	0.356377	0.287385	0.526451	-0.191844	-0.020163	0.000192	0.028330	0.262951	0.253366	0.594481
2021-07-29 06:15:21.000000 	-26.000000	55.821899	-155.622406	222.600030	-0.039667	-0.017902	0.022033	0.287051	0.231488	0.424048	-0.144446	-0.023626	-0.000066	0.042676	0.211802	0.204081	0.478845
2021-07-29 06:15:22.000000 	-25.000000	55.821899	-155.622406	222.600030	-0.026025	-0.015016	0.011357	0.266651	0.215044	0.393920	-0.141034	-0.018358	0.002935	0.026194	0.196753	0.189580	0.444822
2021-07-29 06:15:24.000000 	-23.000000	55.821899	-155.622406	222.600030	-0.036352	-0.021016	0.008853	0.331058	0.267004	0.489087	-0.175666	-0.029595	0.004139	0.030798	0.244285	0.235377	0.552285
2021-07-29 06:15:25.000000 	-22.000000	55.821899	-155.622406	222.600030	-0.034178	-0.008278	0.021621	0.291637	0.235218	0.430856	-0.149884	-0.016435	-0.006567	0.037295	0.215200	0.207352	0.486529
2021-07-29 06:15:26.000000 	-21.000000	55.821899	-155.622406	222.600030	-0.036125	-0.021417	0.013210	0.325805	0.262785	0.481345	-0.170983	-0.027113	0.004597	0.034379	0.240416	0.231648	0.543541
2021-07-29 06:15:27.000000 	-20.000000	55.821899	-155.622406	222.600030	-0.041117	-0.004846	0.026900	0.440033	0.354930	0.650118	-0.232100	-0.017527	-0.012557	0.044417	0.324712	0.312869	0.734120
2021-07-29 06:15:28.000000 	-19.000000	55.821899	-155.622406	222.600030	-0.035782	-0.019687	0.026557	0.274296	0.221254	0.405261	-0.136236	-0.018767	0.003163	0.044844	0.202413	0.195030	0.457624
2021-07-29 06:15:29.000000 	-18.000000	55.821899	-155.622406	222.600030	-0.035599	-0.018565	0.017713	0.354190	0.285709	0.523311	-0.186199	-0.023214	0.002216	0.037173	0.261374	0.251840	0.590926
2021-07-29 06:15:30.000000 	-17.000000	55.821899	-155.622406	222.600030	-0.022822	-0.009010	0.006727	0.329617	0.265896	0.487014	-0.180842	-0.016495	-0.001213	0.019332	0.243245	0.234371	0.549939
2021-07-29 06:15:31.000000 	-16.000000	55.821899	-155.622406	222.600030	-0.039876	-0.025107	0.022143	0.303438	0.244786	0.448343	-0.153036	-0.026182	0.006410	0.044544	0.223929	0.215759	0.506270
2021-07-29 06:15:32.000000 	-15.000000	55.821899	-155.622406	222.600030	-0.029725	-0.013439	0.004695	0.279072	0.225138	0.412349	-0.149905	-0.024350	-0.000028	0.022210	0.205951	0.198437	0.465626
2021-07-29 06:15:33.000000 	-14.000000	55.821899	-155.622406	222.600030	-0.026918	-0.010990	0.004204	0.354691	0.286152	0.524092	-0.194986	-0.021675	-0.001100	0.019799	0.261761	0.252209	0.591804
2021-07-29 06:15:34.000000 	-13.000000	55.821899	-155.622406	222.600030	-0.023279	-0.009657	-0.003889	0.296639	0.239326	0.438323	-0.165629	-0.023024	-0.000813	0.010934	0.218923	0.210933	0.494953
2021-07-29 06:15:35.000000 	-12.000000	55.821899	-155.622406	222.600030	-0.050435	-0.028473	0.033371	0.343303	0.276984	0.507285	-0.168361	-0.028981	0.005118	0.060017	0.253365	0.244118	0.572824
2021-07-29 06:15:36.000000 	-11.000000	55.821899	-155.622406	222.600030	-0.022800	-0.011460	0.004500	0.329488	0.265847	0.486879	-0.181394	-0.018566	0.001028	0.018046	0.243173	0.234297	0.549781
2021-07-29 06:15:37.000000 	-10.000000	55.821899	-155.622406	222.600030	-0.037830	-0.016025	0.008805	0.306723	0.247488	0.453250	-0.161713	-0.029032	-0.001018	0.030357	0.226376	0.218113	0.511806
2021-07-29 06:15:38.000000 	-9.000000	55.821899	-155.622406	222.600030	-0.032912	-0.011407	0.021114	0.301295	0.243116	0.445237	-0.155771	-0.016834	-0.003195	0.036953	0.222373	0.214256	0.502757
2021-07-29 06:15:39.000000 	-8.000000	55.821899	-155.622406	222.600030	-0.036711	-0.021287	0.015790	0.332176	0.268043	0.490880	-0.173569	-0.026062	0.004237	0.036783	0.245169	0.236218	0.554296
2021-07-29 06:15:40.000000 	-7.000000	55.821899	-155.622406	222.600030	-0.031601	-0.009118	0.001708	0.361519	0.291731	0.534253	-0.198767	-0.025967	-0.004739	0.019697	0.266831	0.257089	0.603271
2021-07-29 06:15:41.000000 	-6.000000	55.821899	-155.622406	222.600030	-0.040805	-0.010746	0.023819	0.273218	0.220484	0.403770	-0.136160	-0.021036	-0.007054	0.043076	0.201661	0.194298	0.455930
2021-07-29 06:15:42.000000 	-5.000000	55.821899	-155.622406	222.600030	-0.027997	-0.024467	0.001856	0.333562	0.269190	0.492957	-0.181796	-0.028409	0.010730	0.021534	0.246205	0.237214	0.556638
2021-07-29 06:15:43.000000 	-4.000000	55.821899	-155.622406	222.600030	-0.040344	-0.012505	0.010313	0.287544	0.232061	0.424957	-0.149617	-0.028877	-0.005262	0.032074	0.212242	0.204491	0.479853
2021-07-29 06:15:44.000000 	-3.000000	55.821899	-155.622406	222.600030	-0.023734	-0.008795	0.009714	0.323361	0.260975	0.477898	-0.175864	-0.015431	-0.001786	0.022220	0.238683	0.229965	0.539633
2021-07-29 06:15:45.000000 	-2.000000	55.821899	-155.622406	222.600030	-0.023370	-0.023584	0.006979	0.292822	0.236336	0.432772	-0.157629	-0.021743	0.011836	0.023200	0.216145	0.208249	0.488677
2021-07-29 06:15:46.000000 	-1.000000	55.821899	-155.622406	222.600030	-0.045835	-0.006251	0.018098	0.308407	0.248923	0.455815	-0.157699	-0.026506	-0.013225	0.039875	0.227652	0.219336	0.514694
2021-07-29 06:15:47.000000 	0.000000	55.821899	-155.622406	222.600030	-0.031714	-0.023906	0.026515	0.337334	0.272280	0.498577	-0.173509	-0.017166	0.008684	0.043706	0.249009	0.239912	0.562980
2021-07-29 06:15:48.000000 	1.000000	55.821899	-155.622406	222.600030	-0.040392	-0.014291	0.020647	0.360139	0.290698	0.532293	-0.187637	-0.023718	-0.003655	0.041062	0.265848	0.256135	0.601050
2021-07-29 06:15:49.000000 	2.000000	55.821899	-155.622406	222.600030	-0.029824	-0.018784	0.017454	0.281974	0.227612	0.416771	-0.146096	-0.019083	0.004800	0.034056	0.208151	0.200546	0.470605
2021-07-29 06:15:50.000000 	3.000000	55.821899	-155.622406	222.600030	-0.036228	-0.003906	0.006608	0.347185	0.280261	0.513166	-0.187751	-0.024921	-0.011395	0.024910	0.256294	0.246929	0.579450
2021-07-29 06:15:51.000000 	4.000000	55.821899	-155.622406	222.600030	-0.029586	-0.016770	0.030545	0.314942	0.254242	0.465517	-0.160345	-0.010861	0.003063	0.044296	0.232496	0.223999	0.525646
2021-07-29 06:15:52.000000 	5.000000	55.821899	-155.622406	222.600030	-0.050935	-0.020488	0.029733	0.319736	0.258121	0.472613	-0.156864	-0.028674	-0.002361	0.055411	0.236039	0.227413	0.533657
2021-07-29 06:15:53.000000 	6.000000	55.821899	-155.622406	222.600030	-0.022956	-0.008418	0.001985	0.309582	0.249933	0.457612	-0.171154	-0.019058	-0.001807	0.015340	0.228547	0.220194	0.516718
2021-07-29 06:15:54.000000 	7.000000	55.821899	-155.622406	222.600030	-0.035955	-0.011443	0.020030	0.324775	0.262207	0.480078	-0.168962	-0.019748	-0.004418	0.037621	0.239767	0.231003	0.542085
2021-07-29 06:15:55.000000 	8.000000	55.821899	-155.622406	222.600030	-0.020659	-0.019000	0.003934	0.308308	0.248921	0.455745	-0.169125	-0.019846	0.008779	0.018231	0.227614	0.219293	0.514608
2021-07-29 06:15:56.000000 	9.000000	55.821899	-155.622406	222.600030	-0.030897	-0.012991	0.015741	0.315298	0.254574	0.466087	-0.166436	-0.018875	-0.000920	0.031844	0.232779	0.224269	0.526285
2021-07-29 06:15:57.000000 	10.000000	55.821899	-155.622406	222.600030	-0.042741	-0.013182	0.013603	0.331067	0.267315	0.489406	-0.172906	-0.029066	-0.005634	0.036180	0.244425	0.235488	0.552615
2021-07-29 06:15:58.000000 	11.000000	55.821899	-155.622406	222.600030	-0.037436	-0.022839	0.016711	0.383374	0.309560	0.566741	-0.202577	-0.026620	0.005352	0.038276	0.283048	0.272698	0.639936
2021-07-29 06:15:59.000000 	12.000000	55.821899	-155.622406	222.600030	-0.028790	-0.005409	0.001806	0.317092	0.256049	0.468765	-0.174209	-0.022527	-0.006956	0.017480	0.234116	0.225554	0.529305
2021-07-29 06:16:00.000000 	13.000000	55.821899	-155.622406	222.600030	-0.033729	-0.024684	0.015605	0.320759	0.259019	0.474195	-0.167513	-0.025078	0.008562	0.035892	0.236827	0.228166	0.535435
2021-07-29 06:16:01.000000 	14.000000	55.821899	-155.622406	222.600030	-0.024554	-0.004311	0.002577	0.269254	0.217436	0.398060	-0.147529	-0.018527	-0.006208	0.015695	0.198803	0.191532	0.449467
2021-07-29 06:16:02.000000 	15.000000	55.821899	-155.622406	222.600030	-0.034580	-0.025767	0.021641	0.296297	0.239282	0.438047	-0.150604	-0.022699	0.009197	0.041572	0.218774	0.210771	0.494618
2021-07-29 06:16:03.000000 	16.000000	55.821899	-155.622406	222.600030	-0.035217	-0.017409	0.012433	0.345219	0.278801	0.510384	-0.183361	-0.025498	0.001321	0.032342	0.254901	0.245576	0.576295
2021-07-29 06:16:04.000000 	17.000000	55.821899	-155.622406	222.600030	-0.032475	-0.023653	0.019467	0.310039	0.250398	0.458380	-0.160296	-0.021612	0.008141	0.038206	0.228928	0.220553	0.517575
2021-07-29 06:16:05.000000 	18.000000	55.821899	-155.622406	222.600030	-0.033238	-0.007057	0.003462	0.335929	0.271317	0.496667	-0.183054	-0.025511	-0.007291	0.021508	0.248050	0.238974	0.560805
2021-07-29 06:16:06.000000 	19.000000	55.821899	-155.622406	222.600030	-0.025972	-0.013979	-0.000886	0.285354	0.230478	0.421901	-0.156769	-0.024842	0.002013	0.015798	0.210709	0.202999	0.476382
2021-07-29 06:16:07.000000 	20.000000	55.821899	-155.622406	222.600030	-0.033380	-0.020300	0.014135	0.292383	0.236163	0.432301	-0.152254	-0.024144	0.004712	0.033481	0.215903	0.208002	0.488125
2021-07-29 06:16:08.000000 	21.000000	55.821899	-155.622406	222.600030	-0.047859	-0.012593	0.029972	0.315529	0.254867	0.466531	-0.156114	-0.023527	-0.008283	0.052205	0.232999	0.224471	0.526774
2021-07-29 06:16:09.000000 	22.000000	55.821899	-155.622406	222.600030	-0.030665	-0.006773	0.018349	0.355458	0.287130	0.525579	-0.189394	-0.015112	-0.006488	0.032442	0.262489	0.252881	0.593447
2021-07-29 06:16:10.000000 	23.000000	55.821899	-155.622406	222.600030	-0.036307	-0.026288	0.000074	0.295347	0.238582	0.436707	-0.157631	-0.036294	0.008959	0.024734	0.218104	0.210120	0.493098
2021-07-29 06:16:11.000000 	24.000000	55.821899	-155.622406	222.600030	-0.026164	-0.013023	0.015643	0.296631	0.239628	0.438613	-0.157027	-0.015375	0.001063	0.029349	0.219055	0.211036	0.495249
2021-07-29 06:16:12.000000 	25.000000	55.821899	-155.622406	222.600030	-0.031810	-0.026607	0.014115	0.323305	0.261186	0.478064	-0.169897	-0.025126	0.011105	0.034123	0.238758	0.230017	0.539793
2021-07-29 06:16:13.000000 	26.000000	55.821899	-155.622406	222.600030	-0.023371	-0.009917	0.013768	0.314155	0.253802	0.464542	-0.169010	-0.013263	-0.000614	0.025648	0.232005	0.223510	0.524523
2021-07-29 06:16:14.000000 	27.000000	55.821899	-155.622406	222.600030	-0.030062	-0.010038	0.014863	0.332713	0.268804	0.491992	-0.177454	-0.017731	-0.003265	0.030006	0.245714	0.236717	0.555517
2021-07-29 06:16:15.000000 	28.000000	55.821899	-155.622406	222.600030	-0.053838	-0.021680	0.029337	0.333985	0.269841	0.493882	-0.164352	-0.031491	-0.002474	0.056845	0.246658	0.237625	0.557650
2021-07-29 06:16:16.000000 	29.000000	55.821899	-155.622406	222.600030	-0.032015	-0.008554	0.011535	0.300731	0.242983	0.444716	-0.159793	-0.020565	-0.005423	0.027908	0.222103	0.213969	0.502134
2021-07-29 06:16:17.000000 	30.000000	55.821899	-155.622406	222.600030	-0.033477	-0.018633	0.022328	0.315683	0.255073	0.466836	-0.162801	-0.019046	0.003154	0.039922	0.233151	0.224611	0.527110
2021-07-29 06:16:18.000000 	31.000000	55.821899	-155.622406	222.600030	-0.033825	-0.012870	0.020811	0.329847	0.266526	0.487789	-0.172129	-0.018192	-0.002239	0.037509	0.243615	0.234692	0.550768
2021-07-29 06:16:19.000000 	32.000000	55.821899	-155.622406	222.600030	-0.038495	-0.018839	0.028423	0.302897	0.244759	0.447943	-0.151541	-0.019474	0.001271	0.047580	0.223715	0.215520	0.505776
2021-07-29 06:16:20.000000 	33.000000	55.821899	-155.622406	222.600030	-0.038219	-0.009922	0.009576	0.313856	0.253623	0.464158	-0.166191	-0.026808	-0.006738	0.029779	0.231813	0.223321	0.524083
2021-07-29 06:16:21.000000 	34.000000	55.821899	-155.622406	222.600030	-0.029684	-0.012268	0.015926	0.323691	0.261580	0.478712	-0.171712	-0.017610	-0.001078	0.031209	0.239082	0.230323	0.540515
2021-07-29 06:16:22.000000 	35.000000	55.821899	-155.622406	222.600030	-0.032434	-0.010249	-0.004697	0.308583	0.249380	0.456377	-0.170210	-0.030579	-0.004052	0.015087	0.227928	0.219576	0.515295
2021-07-29 06:16:23.000000 	36.000000	55.821899	-155.622406	222.600030	-0.035374	-0.011636	0.021729	0.372266	0.300856	0.550571	-0.196054	-0.018422	-0.004002	0.038775	0.274971	0.264894	0.621648
2021-07-29 06:16:24.000000 	37.000000	55.821899	-155.622406	222.600030	-0.035643	-0.023161	0.013086	0.249851	0.201930	0.369528	-0.126916	-0.027416	0.006384	0.034435	0.184553	0.177789	0.417233
2021-07-29 06:16:25.000000 	38.000000	55.821899	-155.622406	222.600030	-0.031744	-0.020090	0.020596	0.344135	0.278141	0.508983	-0.180319	-0.019210	0.005196	0.037941	0.254201	0.244884	0.574690
2021-07-29 06:16:26.000000 	39.000000	55.821899	-155.622406	222.600030	-0.024183	-0.008381	-0.001377	0.308412	0.249277	0.456156	-0.171498	-0.021858	-0.002347	0.013178	0.227818	0.219467	0.515042
2021-07-29 06:16:27.000000 	40.000000	55.821899	-155.622406	222.600030	-0.047136	-0.013756	0.021518	0.362843	0.293282	0.536671	-0.187046	-0.028128	-0.006926	0.045109	0.268030	0.258205	0.605950
2021-07-29 06:16:28.000000 	41.000000	55.821899	-155.622406	222.600030	-0.026411	-0.026675	0.004083	0.300025	0.242516	0.443768	-0.161754	-0.026717	0.013396	0.023078	0.221631	0.213506	0.501052
2021-07-29 06:16:29.000000 	42.000000	55.821899	-155.622406	222.600030	-0.037964	-0.021123	0.019944	0.314825	0.254488	0.465665	-0.161683	-0.024616	0.003570	0.040823	0.232568	0.224041	0.525776
2021-07-29 06:16:30.000000 	43.000000	55.821899	-155.622406	222.600030	-0.021904	-0.006901	0.008508	0.324196	0.262072	0.479536	-0.177632	-0.014083	-0.002755	0.019846	0.239496	0.230714	0.541436
2021-07-29 06:16:31.000000 	44.000000	55.821899	-155.622406	222.600030	-0.049327	-0.021640	0.013522	0.307023	0.248199	0.454142	-0.156062	-0.036964	-0.000649	0.041444	0.226813	0.218496	0.512763
2021-07-29 06:16:32.000000 	45.000000	55.821899	-155.622406	222.600030	-0.014760	-0.009779	0.010089	0.322477	0.260701	0.477009	-0.177651	-0.008794	0.002815	0.018166	0.238234	0.229497	0.538581
2021-07-29 06:16:33.000000 	46.000000	55.821899	-155.622406	222.600030	-0.041908	-0.021393	0.015843	0.342722	0.277078	0.506965	-0.178286	-0.029984	0.002188	0.039511	0.253196	0.243909	0.572403
2021-07-29 06:16:34.000000 	47.000000	55.821899	-155.622406	222.600030	-0.021553	-0.018149	0.019991	0.329200	0.266156	0.486972	-0.174921	-0.011208	0.007635	0.031775	0.243211	0.234289	0.549827
2021-07-29 06:16:35.000000 	48.000000	55.821899	-155.622406	222.600030	-0.032354	-0.018281	0.009994	0.294545	0.238146	0.435715	-0.155699	-0.025008	0.003297	0.029062	0.217612	0.209629	0.491954
2021-07-29 06:16:36.000000 	49.000000	55.821899	-155.622406	222.600030	-0.028355	-0.020161	0.014731	0.309083	0.249909	0.457230	-0.163244	-0.019976	0.006660	0.031371	0.228357	0.219979	0.516244
2021-07-29 06:16:37.000000 	50.000000	55.821899	-155.622406	222.600030	-0.028401	-0.008685	0.018772	0.361326	0.292161	0.534523	-0.193160	-0.013821	-0.003812	0.032075	0.266961	0.257166	0.603512
2021-07-29 06:16:38.000000 	51.000000	55.821899	-155.622406	222.600030	-0.005912	-0.016336	0.010875	0.318128	0.257241	0.470626	-0.176355	-0.003924	0.012439	0.015809	0.235049	0.226424	0.531368
2021-07-29 06:16:39.000000 	52.000000	55.821899	-155.622406	222.600030	-0.037996	-0.044849	0.045765	0.327540	0.264861	0.484558	-0.155782	-0.018236	0.025168	0.067702	0.242007	0.233126	0.547097
2021-07-29 06:16:40.000000 	53.000000	55.821899	-155.622406	222.600030	-0.007168	-0.009221	0.019215	0.305149	0.246764	0.451442	-0.165976	0.002245	0.005440	0.021702	0.225468	0.217193	0.509705
2021-07-29 06:16:41.000000 	54.000000	55.821899	-155.622406	222.600030	0.001685	-0.022539	0.023901	0.335402	0.271238	0.496206	-0.182099	0.007000	0.021225	0.024137	0.247826	0.238730	0.560246
2021-07-29 06:16:42.000000 	55.000000	55.821899	-155.622406	222.600030	0.007899	-0.024070	0.072097	0.300376	0.242921	0.444396	-0.141862	0.038235	0.025184	0.061185	0.221950	0.213803	0.501748
2021-07-29 06:16:43.000000 	56.000000	55.821899	-155.622406	222.600030	0.023336	-0.010270	0.048720	0.317497	0.256777	0.469733	-0.166799	0.041447	0.018986	0.030747	0.234605	0.225993	0.530354
2021-07-29 06:16:44.000000 	57.000000	55.821899	-155.622406	222.600030	0.035892	-0.016385	0.029110	0.324897	0.262771	0.480690	-0.181260	0.037804	0.029739	0.009516	0.240078	0.231264	0.542724
2021-07-29 06:16:45.000000 	58.000000	55.821899	-155.622406	222.600030	-0.002269	-0.002755	0.036573	0.278907	0.225583	0.412654	-0.145327	0.017895	0.001573	0.032056	0.206098	0.198531	0.465907
2021-07-29 06:16:46.000000 	59.000000	55.821899	-155.622406	222.600030	-0.002947	-0.066812	0.038858	0.333295	0.269583	0.493132	-0.166478	-0.003205	0.059639	0.049147	0.246293	0.237249	0.556769
2021-07-29 06:16:47.000000 	60.000000	55.821899	-155.622406	222.600030	-0.003111	-0.113417	0.058401	0.326483	0.264083	0.483062	-0.142920	-0.008264	0.102021	0.076205	0.241264	0.232404	0.545399
2021-07-29 06:16:48.000000 	61.000000	55.821899	-155.622406	222.600030	-0.006453	-0.075456	0.045899	0.355933	0.287914	0.526644	-0.174453	-0.004843	0.066065	0.058770	0.263032	0.253372	0.594604
2021-07-29 06:16:49.000000 	62.000000	55.821899	-155.622406	222.600030	-0.021922	-0.127827	0.076976	0.404604	0.327295	0.598669	-0.175220	-0.016925	0.107383	0.104538	0.299005	0.288023	0.675921
2021-07-29 06:16:50.000000 	63.000000	55.821899	-155.622406	222.600030	-0.215320	-0.019143	-0.033514	0.395486	0.319932	0.585188	-0.149977	-0.187616	-0.071437	0.086888	0.292273	0.281537	0.660700
2021-07-29 06:16:51.000000 	64.000000	55.821899	-155.622406	222.600030	0.045937	-0.148780	-0.019442	0.354732	0.286974	0.524894	-0.187707	-0.027110	0.154476	-0.005092	0.262160	0.252529	0.592625
2021-07-29 06:16:52.000000 	65.000000	55.821899	-155.622406	222.600030	-0.208921	0.129095	0.015416	0.392974	0.317923	0.581491	-0.129450	-0.104688	-0.203817	0.089722	0.290429	0.279758	0.656523
2021-07-29 06:16:53.000000 	66.000000	55.821899	-155.622406	222.600030	-0.225486	0.086785	0.109372	0.574359	0.464683	0.849904	-0.214689	-0.078837	-0.172117	0.185737	0.424490	0.408893	0.959568
2021-07-29 06:16:54.000000 	67.000000	55.821899	-155.622406	222.600030	-0.071300	-0.130256	-0.069189	0.318818	0.257948	0.471777	-0.156657	-0.137073	0.089214	0.009446	0.235632	0.226974	0.532649
2021-07-29 06:16:55.000000 	68.000000	55.821899	-155.622406	222.600030	-0.019220	0.172861	0.038195	0.309088	0.250085	0.457387	-0.141238	0.065999	-0.165383	0.001353	0.228446	0.220051	0.516401
2021-07-29 06:16:56.000000 	69.000000	55.821899	-155.622406	222.600030	-0.182202	0.031961	-0.113738	0.407631	0.329828	0.603220	-0.199089	-0.190277	-0.104315	-0.008276	0.301285	0.290212	0.681050
2021-07-29 06:16:57.000000 	70.000000	55.821899	-155.622406	222.600030	-0.088491	-0.018356	-0.132817	0.266003	0.215240	0.393643	-0.155791	-0.147561	-0.019805	-0.060343	0.196610	0.189383	0.444431
2021-07-29 06:16:58.000000 	71.000000	55.821899	-155.622406	222.600030	-0.127323	-0.016178	-0.136724	0.304272	0.246215	0.450283	-0.160794	-0.178274	-0.037816	-0.044211	0.224900	0.216633	0.508378
2021-07-29 06:16:59.000000 	72.000000	55.821899	-155.622406	222.600030	-0.028283	-0.037443	-0.117541	0.244455	0.197818	0.361767	-0.164125	-0.100128	0.022431	-0.074088	0.180690	0.174048	0.408441
2021-07-29 06:17:00.000000 	73.000000	55.821899	-155.622406	222.600030	-0.011790	0.064932	-0.070362	0.270067	0.218552	0.399677	-0.180834	-0.026239	-0.064009	-0.067233	0.199625	0.192286	0.451241
2021-07-29 06:17:01.000000 	74.000000	55.821899	-155.622406	222.600030	0.016930	-0.032532	-0.048474	0.269739	0.218294	0.399198	-0.173967	-0.025582	0.036619	-0.041222	0.199387	0.192056	0.450700
2021-07-29 06:17:02.000000 	75.000000	55.821899	-155.622406	222.600030	0.085364	-0.113765	0.085771	0.332789	0.269330	0.492517	-0.142609	0.073661	0.138856	0.053657	0.245998	0.236952	0.556057
2021-07-29 06:17:03.000000 	76.000000	55.821899	-155.622406	222.600030	0.086614	-0.065138	0.140118	0.420213	0.340095	0.621912	-0.183157	0.121738	0.095081	0.086703	0.310628	0.299204	0.702143
2021-07-29 06:17:04.000000 	77.000000	55.821899	-155.622406	222.600030	0.049375	-0.012092	0.115964	0.352994	0.285703	0.522437	-0.159136	0.098222	0.031393	0.073476	0.260944	0.251347	0.589834
2021-07-29 06:17:05.000000 	78.000000	55.821899	-155.622406	222.600030	-0.015876	-0.070072	0.047013	0.311628	0.252232	0.461223	-0.146943	-0.009480	0.057272	0.063264	0.230370	0.221896	0.520722
2021-07-29 06:17:06.000000 	79.000000	55.821899	-155.622406	222.600030	0.032031	0.000668	0.114778	0.362273	0.293234	0.536188	-0.164445	0.088843	0.012612	0.078411	0.267815	0.257962	0.605357
2021-07-29 06:17:07.000000 	80.000000	55.821899	-155.622406	222.600030	-0.058340	-0.029898	0.073646	0.371304	0.300555	0.549564	-0.166439	-0.012799	0.003153	0.097712	0.274496	0.264397	0.620456
2021-07-29 06:17:08.000000 	81.000000	55.821899	-155.622406	222.600030	-0.068481	-0.008158	0.060514	0.382466	0.309602	0.566094	-0.177318	-0.020394	-0.020835	0.086995	0.282754	0.272350	0.639118
2021-07-29 06:17:09.000000 	82.000000	55.821899	-155.622406	222.600030	-0.005200	-0.012953	0.073256	0.297021	0.240444	0.439633	-0.138202	0.032811	0.009652	0.066268	0.219590	0.211509	0.496342
2021-07-29 06:17:10.000000 	83.000000	55.821899	-155.622406	222.600030	-0.103403	-0.054835	0.001278	0.391435	0.316885	0.579389	-0.187083	-0.095925	0.007267	0.066681	0.289397	0.278747	0.654124
2021-07-29 06:17:11.000000 	84.000000	55.821899	-155.622406	222.600030	-0.090077	-0.031588	-0.011077	0.368809	0.298579	0.545907	-0.185912	-0.084886	-0.008407	0.044252	0.272674	0.262639	0.616323
2021-07-29 06:17:12.000000 	85.000000	55.821899	-155.622406	222.600030	-0.025710	0.052031	0.052634	0.269296	0.218024	0.398615	-0.128254	0.027961	-0.058004	0.044635	0.199105	0.191776	0.450031
2021-07-29 06:17:13.000000 	86.000000	55.821899	-155.622406	222.600030	0.008284	0.028053	0.013696	0.303744	0.245922	0.449613	-0.173920	0.023516	-0.022133	0.000587	0.224579	0.216312	0.507606
2021-07-29 06:17:14.000000 	87.000000	55.821899	-155.622406	222.600030	-0.019178	0.027548	-0.024335	0.288932	0.233939	0.427696	-0.173001	-0.018715	-0.033008	-0.016707	0.213632	0.205767	0.482860
2021-07-29 06:17:15.000000 	88.000000	55.821899	-155.622406	222.600030	-0.017921	0.020070	0.010203	0.343629	0.278235	0.508670	-0.191482	-0.000919	-0.025678	0.012957	0.254079	0.244725	0.574278
2021-07-29 06:17:16.000000 	89.000000	55.821899	-155.622406	222.600030	-0.040826	-0.003909	0.023223	0.305424	0.247309	0.452122	-0.155963	-0.019053	-0.013290	0.041009	0.225835	0.217519	0.510435
2021-07-29 06:17:17.000000 	90.000000	55.821899	-155.622406	222.600030	-0.041830	-0.021036	-0.036372	0.259620	0.210228	0.384324	-0.148365	-0.059137	0.001895	-0.003809	0.191971	0.184902	0.433892
2021-07-29 06:17:18.000000 	91.000000	55.821899	-155.622406	222.600030	-0.050054	-0.017113	-0.006399	0.351655	0.284766	0.520577	-0.189865	-0.047156	-0.005073	0.024286	0.260030	0.250454	0.587716
2021-07-29 06:17:19.000000 	92.000000	55.821899	-155.622406	222.600030	-0.038618	-0.059809	-0.005921	0.293480	0.237664	0.434463	-0.152559	-0.052849	0.038537	0.028730	0.217017	0.209024	0.490495
2021-07-29 06:17:20.000000 	93.000000	55.821899	-155.622406	222.600030	-0.030063	-0.030371	0.025456	0.328655	0.266159	0.486543	-0.168804	-0.018724	0.015254	0.043484	0.243033	0.234081	0.549291
2021-07-29 06:17:21.000000 	94.000000	55.821899	-155.622406	222.600030	-0.040235	-0.038039	-0.010887	0.315566	0.255569	0.467174	-0.170720	-0.049424	0.018040	0.020401	0.233359	0.224762	0.527422
2021-07-29 06:17:22.000000 	95.000000	55.821899	-155.622406	222.600030	-0.049402	-0.029914	0.016337	0.309781	0.250893	0.458618	-0.155729	-0.038263	0.006857	0.045730	0.229086	0.220646	0.517761
2021-07-29 06:17:23.000000 	96.000000	55.821899	-155.622406	222.600030	-0.015150	-0.007582	0.002664	0.298305	0.241608	0.441636	-0.166848	-0.012508	0.000653	0.011714	0.220604	0.212476	0.498588
2021-07-29 06:17:24.000000 	97.000000	55.821899	-155.622406	222.600030	-0.031698	-0.020092	0.028681	0.324876	0.263138	0.480981	-0.166170	-0.014634	0.005218	0.044606	0.240259	0.231406	0.543006
2021-07-29 06:17:25.000000 	98.000000	55.821899	-155.622406	222.600030	-0.030668	-0.001073	0.022457	0.331842	0.268790	0.491301	-0.174828	-0.010860	-0.011681	0.034520	0.245416	0.236372	0.554656
2021-07-29 06:17:26.000000 	99.000000	55.821899	-155.622406	222.600030	-0.028078	-0.038584	-0.005677	0.253352	0.205221	0.375101	-0.135946	-0.037522	0.023555	0.018617	0.187372	0.180466	0.423470
2021-07-29 06:17:27.000000 	100.000000	55.821899	-155.622406	222.600030	-0.031549	-0.014125	0.006565	0.345841	0.280150	0.512045	-0.187651	-0.024908	-0.000156	0.024849	0.255780	0.246352	0.578072
2021-07-29 06:17:28.000000 	101.000000	55.821899	-155.622406	222.600030	-0.043288	-0.047267	0.037368	0.316677	0.256535	0.468872	-0.151079	-0.027767	0.025186	0.064024	0.234216	0.225582	0.529331
2021-07-29 06:17:29.000000 	102.000000	55.821899	-155.622406	222.600030	-0.024570	-0.015676	0.022473	0.312945	0.253521	0.463354	-0.164164	-0.011242	0.004137	0.034799	0.231460	0.222927	0.523100
2021-07-29 06:17:30.000000 	103.000000	55.821899	-155.622406	222.600030	-0.044395	-0.001928	0.029005	0.332347	0.269249	0.492089	-0.168495	-0.017818	-0.016568	0.047159	0.245816	0.236753	0.555539
2021-07-29 06:17:31.000000 	104.000000	55.821899	-155.622406	222.600030	-0.039301	-0.021985	0.029481	0.342795	0.277724	0.507568	-0.173942	-0.020560	0.003803	0.049597	0.253549	0.244200	0.573012
2021-07-29 06:17:32.000000 	105.000000	55.821899	-155.622406	222.600030	-0.021775	-0.006117	0.016991	0.260397	0.210975	0.385569	-0.137629	-0.008952	-0.003416	0.026617	0.192607	0.185505	0.435282
2021-07-29 06:17:33.000000 	106.000000	55.821899	-155.622406	222.600030	-0.027233	-0.000844	0.017995	0.286771	0.232352	0.424628	-0.151465	-0.010701	-0.010472	0.029017	0.212120	0.204297	0.479376
2021-07-29 06:17:34.000000 	107.000000	55.821899	-155.622406	222.600030	-0.051527	-0.008277	0.029160	0.398508	0.322897	0.590087	-0.204263	-0.025273	-0.013728	0.052409	0.294776	0.283904	0.666168
2021-07-29 06:17:35.000000 	108.000000	55.821899	-155.622406	222.600030	-0.035118	-0.022903	0.021263	0.255291	0.206861	0.378026	-0.127342	-0.022338	0.006367	0.040870	0.188843	0.181877	0.426764
2021-07-29 06:17:36.000000 	109.000000	55.821899	-155.622406	222.600030	-0.044196	-0.015231	0.013988	0.286088	0.231825	0.423637	-0.146190	-0.030646	-0.004369	0.037718	0.211629	0.203822	0.478255
2021-07-29 06:17:37.000000 	110.000000	55.821899	-155.622406	222.600030	-0.037979	-0.012228	0.004837	0.387773	0.314234	0.574219	-0.211025	-0.030077	-0.004538	0.026270	0.286855	0.276272	0.648249
2021-07-29 06:17:38.000000 	111.000000	55.821899	-155.622406	222.600030	-0.024675	-0.010925	0.014897	0.255741	0.207249	0.378711	-0.134479	-0.013955	-0.000233	0.027483	0.189188	0.182208	0.427534
2021-07-29 06:17:39.000000 	112.000000	55.821899	-155.622406	222.600030	-0.025454	-0.013372	0.030133	0.327680	0.265558	0.485249	-0.169687	-0.006819	0.001673	0.041054	0.242412	0.233467	0.547806
2021-07-29 06:17:40.000000 	113.000000	55.821899	-155.622406	222.600030	-0.032447	-0.012293	0.017847	0.285306	0.231226	0.422505	-0.148134	-0.018622	-0.002196	0.034217	0.211069	0.203280	0.476973
2021-07-29 06:17:41.000000 	114.000000	55.821899	-155.622406	222.600030	-0.034253	-0.031748	0.015183	0.342609	0.277677	0.507372	-0.179628	-0.028122	0.014780	0.037449	0.253467	0.244112	0.572778
2021-07-29 06:17:42.000000 	115.000000	55.821899	-155.622406	222.600030	-0.048107	-0.028355	0.022654	0.376750	0.305359	0.557941	-0.193072	-0.033207	0.005971	0.049932	0.278732	0.268443	0.629865
2021-07-29 06:17:43.000000 	116.000000	55.821899	-155.622406	222.600030	-0.029181	-0.006500	0.010224	0.236883	0.192002	0.350812	-0.124474	-0.018465	-0.006124	0.024897	0.175257	0.168788	0.396034
2021-07-29 06:17:44.000000 	117.000000	55.821899	-155.622406	222.600030	-0.043710	-0.004175	0.008152	0.351711	0.285086	0.520876	-0.187873	-0.029784	-0.014238	0.030078	0.260218	0.250611	0.588019
2021-07-29 06:17:45.000000 	118.000000	55.821899	-155.622406	222.600030	-0.028837	-0.010127	0.026070	0.330510	0.267911	0.489485	-0.172387	-0.010543	-0.002678	0.038671	0.244538	0.235509	0.552580
2021-07-29 06:17:46.000000 	119.000000	55.821899	-155.622406	222.600030	-0.043687	-0.027949	0.003941	0.305383	0.247552	0.452279	-0.159856	-0.040250	0.007425	0.032095	0.225952	0.217609	0.510578
2021-07-29 06:17:47.000000 	120.000000	55.821899	-155.622406	222.600030	-0.022293	-0.010034	0.027456	0.320781	0.260045	0.475092	-0.167970	-0.004801	-0.000062	0.036448	0.237351	0.228586	0.536330
2021-07-29 06:17:48.000000 	121.000000	55.821899	-155.622406	222.600030	-0.013823	0.001626	0.010831	0.335196	0.271740	0.496449	-0.186288	-0.003776	-0.007186	0.015657	0.248022	0.238862	0.560438
2021-07-29 06:17:49.000000 	122.000000	55.821899	-155.622406	222.600030	-0.034543	-0.020344	0.037632	0.289422	0.234641	0.428661	-0.141279	-0.011836	0.004273	0.053525	0.214157	0.206247	0.483912
2021-07-29 06:17:50.000000 	123.000000	55.821899	-155.622406	222.600030	-0.042482	-0.023146	0.009543	0.335459	0.271974	0.496853	-0.176323	-0.034554	0.003548	0.034999	0.248228	0.239058	0.560892
2021-07-29 06:17:51.000000 	124.000000	55.821899	-155.622406	222.600030	-0.042128	-0.023538	0.003181	0.335051	0.271653	0.496256	-0.178521	-0.037996	0.004051	0.029646	0.247931	0.238772	0.560217
2021-07-29 06:17:52.000000 	125.000000	55.821899	-155.622406	222.600030	-0.034369	-0.024459	0.020395	0.317807	0.257682	0.470724	-0.164142	-0.022793	0.008093	0.040130	0.235176	0.226488	0.531392
2021-07-29 06:17:53.000000 	126.000000	55.821899	-155.622406	222.600030	-0.045390	-0.020662	0.025122	0.340347	0.275968	0.504117	-0.172672	-0.027145	0.000085	0.048799	0.251862	0.242556	0.569088
2021-07-29 06:17:54.000000 	127.000000	55.821899	-155.622406	222.600030	-0.031489	0.003163	0.021820	0.369184	0.299362	0.546838	-0.196957	-0.010390	-0.015878	0.033430	0.273208	0.263112	0.617314
2021-07-29 06:17:55.000000 	128.000000	55.821899	-155.622406	222.600030	-0.032396	-0.008581	0.007609	0.273003	0.221379	0.404380	-0.145346	-0.023067	-0.005555	0.024861	0.202036	0.194569	0.456495
2021-07-29 06:17:56.000000 	129.000000	55.821899	-155.622406	222.600030	-0.034988	-0.003671	-0.002909	0.333701	0.270610	0.494296	-0.184309	-0.029252	-0.011097	0.016347	0.246961	0.237833	0.557997
2021-07-29 06:17:57.000000 	130.000000	55.821899	-155.622406	222.600030	-0.038017	-0.045466	0.037703	0.330408	0.267949	0.489425	-0.160826	-0.022992	0.025721	0.061186	0.244529	0.235490	0.552497
2021-07-29 06:17:58.000000 	131.000000	55.821899	-155.622406	222.600030	-0.017196	-0.012051	0.030061	0.342106	0.277447	0.506761	-0.180427	-0.000186	0.003879	0.036463	0.253192	0.243832	0.572066
2021-07-29 06:17:59.000000 	132.000000	55.821899	-155.622406	222.600030	-0.044733	-0.018200	0.020682	0.301140	0.244233	0.446085	-0.152023	-0.028304	-0.001886	0.044219	0.222879	0.214639	0.503570
2021-07-29 06:18:00.000000 	133.000000	55.821899	-155.622406	222.600030	-0.028526	-0.006658	-0.004023	0.337480	0.273715	0.499923	-0.188581	-0.026029	-0.005710	0.012812	0.249780	0.240544	0.564344
2021-07-29 06:18:01.000000 	134.000000	55.821899	-155.622406	222.600030	-0.019990	-0.010377	0.016529	0.289873	0.235113	0.429408	-0.155049	-0.009321	0.001201	0.026309	0.214550	0.206616	0.484741
2021-07-29 06:18:02.000000 	135.000000	55.821899	-155.622406	222.600030	-0.038496	-0.003351	0.024513	0.347475	0.281844	0.514746	-0.180797	-0.016382	-0.012837	0.040754	0.257190	0.247678	0.581074
2021-07-29 06:18:03.000000 	136.000000	55.821899	-155.622406	222.600030	-0.034811	-0.026601	0.020329	0.289511	0.234837	0.428885	-0.147340	-0.023894	0.009861	0.040798	0.214292	0.206366	0.484148
2021-07-29 06:18:04.000000 	137.000000	55.821899	-155.622406	222.600030	-0.013711	-0.006260	0.009118	0.252474	0.204802	0.374024	-0.138414	-0.007347	0.000043	0.016010	0.186882	0.179969	0.422217
2021-07-29 06:18:05.000000 	138.000000	55.821899	-155.622406	222.600030	-0.044386	-0.023120	0.041104	0.356739	0.289391	0.528493	-0.176023	-0.018250	0.002739	0.062078	0.264065	0.254296	0.596588
2021-07-29 06:18:06.000000 	139.000000	55.821899	-155.622406	222.600030	-0.031942	-0.004836	0.001049	0.336387	0.272891	0.498350	-0.185220	-0.025131	-0.008779	0.018333	0.249006	0.239793	0.562560
2021-07-29 06:18:07.000000 	140.000000	55.821899	-155.622406	222.600030	-0.050052	-0.020778	0.012804	0.344442	0.279437	0.510292	-0.178361	-0.037618	-0.001733	0.041021	0.254975	0.245541	0.576039
2021-07-29 06:18:08.000000 	141.000000	55.821899	-155.622406	222.600030	-0.040475	-0.010652	0.025661	0.300510	0.243805	0.445212	-0.151827	-0.019721	-0.007004	0.044409	0.222459	0.214227	0.502573
2021-07-29 06:18:09.000000 	142.000000	55.821899	-155.622406	222.600030	-0.050015	-0.019624	-0.000265	0.297981	0.241763	0.441473	-0.156129	-0.044538	-0.002769	0.029923	0.220592	0.212429	0.498351
2021-07-29 06:18:10.000000 	143.000000	55.821899	-155.622406	222.600030	-0.024910	-0.017734	0.023179	0.297737	0.241574	0.441118	-0.154879	-0.011805	0.005872	0.036034	0.220417	0.212259	0.497949
2021-07-29 06:18:11.000000 	144.000000	55.821899	-155.622406	222.600030	-0.032943	-0.027407	0.033719	0.335968	0.272603	0.497766	-0.169579	-0.015240	0.011366	0.051106	0.248725	0.239518	0.561894
2021-07-29 06:18:12.000000 	145.000000	55.821899	-155.622406	222.600030	-0.039066	-0.019935	0.000575	0.328307	0.266397	0.486423	-0.176997	-0.035922	0.002033	0.025087	0.243059	0.234061	0.549088
2021-07-29 06:18:13.000000 	146.000000	55.821899	-155.622406	222.600030	-0.031625	-0.011339	0.001563	0.299714	0.243205	0.444065	-0.163177	-0.026825	-0.002725	0.020104	0.221895	0.213680	0.501273
2021-07-29 06:18:14.000000 	147.000000	55.821899	-155.622406	222.600030	-0.045416	-0.009936	0.027083	0.318426	0.258399	0.471797	-0.160311	-0.022401	-0.009695	0.047948	0.235755	0.227026	0.532576
2021-07-29 06:18:15.000000 	148.000000	55.821899	-155.622406	222.600030	-0.025454	-0.005850	0.009754	0.289692	0.235091	0.429231	-0.156582	-0.015698	-0.005178	0.022450	0.214486	0.206544	0.484524
2021-07-29 06:18:16.000000 	149.000000	55.821899	-155.622406	222.600030	-0.018358	-0.011982	0.025979	0.322804	0.261972	0.478298	-0.170675	-0.003331	0.003336	0.033664	0.239008	0.230156	0.539911
2021-07-29 06:18:17.000000 	150.000000	55.821899	-155.622406	222.600030	-0.017952	-0.006389	0.020979	0.295194	0.239574	0.437395	-0.157351	-0.003924	-0.001591	0.028023	0.218570	0.210475	0.493737
2021-07-29 06:18:18.000000 	151.000000	55.821899	-155.622406	222.600030	-0.041375	-0.016811	0.016155	0.372163	0.302052	0.551449	-0.196334	-0.027843	-0.001765	0.038434	0.275566	0.265359	0.622482
2021-07-29 06:18:19.000000 	152.000000	55.821899	-155.622406	222.600030	-0.034171	-0.017548	0.010640	0.309820	0.251464	0.459080	-0.164213	-0.025764	0.001880	0.030356	0.229410	0.220912	0.518214
2021-07-29 06:18:20.000000 	153.000000	55.821899	-155.622406	222.600030	-0.046607	-0.019742	0.049399	0.351512	0.285313	0.520865	-0.169463	-0.014111	-0.001255	0.069293	0.260288	0.250645	0.587956
2021-07-29 06:18:21.000000 	154.000000	55.821899	-155.622406	222.600030	-0.038558	-0.023239	0.026447	0.338778	0.274988	0.502004	-0.173053	-0.022134	0.005253	0.046997	0.250865	0.241570	0.566663
2021-07-29 06:18:22.000000 	155.000000	55.821899	-155.622406	222.600030	-0.029398	-0.004438	0.014381	0.295201	0.239626	0.437438	-0.157006	-0.015590	-0.008092	0.027969	0.218602	0.210501	0.493780
2021-07-29 06:18:23.000000 	156.000000	55.821899	-155.622406	222.600030	-0.026803	-0.016428	-0.008144	0.310230	0.251835	0.459715	-0.173816	-0.030382	0.003900	0.010786	0.229736	0.221222	0.518925
2021-07-29 06:18:24.000000 	157.000000	55.821899	-155.622406	222.600030	-0.039321	-0.011979	0.021052	0.324736	0.263621	0.481218	-0.167986	-0.021893	-0.005319	0.040314	0.240484	0.231571	0.543196
2021-07-29 06:18:25.000000 	158.000000	55.821899	-155.622406	222.600030	-0.034143	-0.024756	0.019885	0.346486	0.281288	0.513455	-0.181172	-0.023011	0.008456	0.039661	0.256597	0.247086	0.579584
2021-07-29 06:18:26.000000 	159.000000	55.821899	-155.622406	222.600030	-0.022787	-0.018006	0.010986	0.299270	0.242966	0.443493	-0.161153	-0.017148	0.006995	0.024924	0.221636	0.213420	0.500610
2021-07-29 06:18:27.000000 	160.000000	55.821899	-155.622406	222.600030	-0.029160	-0.015141	0.034306	0.313677	0.254673	0.464850	-0.158884	-0.007871	0.001755	0.046813	0.232312	0.223699	0.524717
2021-07-29 06:18:28.000000 	161.000000	55.821899	-155.622406	222.600030	-0.033243	-0.015985	0.004912	0.301921	0.245137	0.447435	-0.162268	-0.027749	0.000839	0.024780	0.223610	0.215320	0.505057
2021-07-29 06:18:29.000000 	162.000000	55.821899	-155.622406	222.600030	-0.044011	-0.009001	0.022530	0.294092	0.238790	0.435838	-0.148458	-0.023581	-0.009967	0.043246	0.217817	0.209740	0.491966
2021-07-29 06:18:30.000000 	163.000000	55.821899	-155.622406	222.600030	-0.037804	-0.000092	0.009668	0.319390	0.259341	0.473336	-0.170800	-0.023087	-0.015519	0.027364	0.236560	0.227787	0.534292
2021-07-29 06:18:31.000000 	164.000000	55.821899	-155.622406	222.600030	-0.053288	-0.013862	0.016641	0.327721	0.266116	0.485690	-0.166963	-0.035539	-0.009369	0.044248	0.242736	0.233734	0.548235
2021-07-29 06:18:32.000000 	165.000000	55.821899	-155.622406	222.600030	-0.044313	-0.017031	0.042606	0.321395	0.260989	0.476321	-0.155635	-0.015272	-0.002778	0.061870	0.238056	0.229226	0.537658
2021-07-29 06:18:33.000000 	166.000000	55.821899	-155.622406	222.600030	-0.036721	-0.010307	0.016722	0.339495	0.275698	0.503153	-0.179207	-0.021796	-0.005768	0.035014	0.251469	0.242141	0.567944
2021-07-29 06:18:34.000000 	167.000000	55.821899	-155.622406	222.600030	-0.025954	-0.030052	-0.004122	0.293433	0.238301	0.434893	-0.161034	-0.032135	0.016660	0.016838	0.217356	0.209292	0.490893
2021-07-29 06:18:35.000000 	168.000000	55.821899	-155.622406	222.600030	-0.048833	-0.014692	0.024297	0.304350	0.247177	0.451080	-0.151747	-0.028165	-0.006774	0.048494	0.225448	0.217083	0.509163
2021-07-29 06:18:36.000000 	169.000000	55.821899	-155.622406	222.600030	-0.037144	-0.019105	0.033097	0.325125	0.264059	0.481878	-0.163429	-0.015921	0.002070	0.050817	0.240843	0.231906	0.543925
2021-07-29 06:18:37.000000 	170.000000	55.821899	-155.622406	222.600030	-0.012091	-0.018071	0.006765	0.323596	0.262827	0.479618	-0.179795	-0.011481	0.011470	0.015974	0.239716	0.230820	0.541372
2021-07-29 06:18:38.000000 	171.000000	55.821899	-155.622406	222.600030	-0.019585	-0.009474	0.020177	0.276671	0.224723	0.410073	-0.146268	-0.006659	0.000545	0.028910	0.204960	0.197353	0.462872
2021-07-29 06:18:39.000000 	172.000000	55.821899	-155.622406	222.600030	-0.021443	-0.014106	0.020418	0.382732	0.310882	0.567283	-0.206723	-0.009505	0.003998	0.031134	0.283538	0.273013	0.640321
2021-07-29 06:18:40.000000 	173.000000	55.821899	-155.622406	222.600030	-0.018306	-0.005469	0.013215	0.286307	0.232568	0.424368	-0.155368	-0.008238	-0.002575	0.021567	0.212109	0.204235	0.479005
2021-07-29 06:18:41.000000 	174.000000	55.821899	-155.622406	222.600030	-0.045160	-0.004172	0.027303	0.286922	0.233076	0.425285	-0.142532	-0.020116	-0.014839	0.046662	0.212570	0.204678	0.480039
2021-07-29 06:18:42.000000 	175.000000	55.821899	-155.622406	222.600030	-0.054973	-0.008347	0.041645	0.385918	0.313506	0.572028	-0.191315	-0.020879	-0.015087	0.064517	0.285919	0.275303	0.645673
2021-07-29 06:18:43.000000 	176.000000	55.821899	-155.622406	222.600030	-0.040630	-0.018463	0.015551	0.323190	0.262558	0.479056	-0.168205	-0.028184	0.000047	0.037936	0.239451	0.230560	0.540730
2021-07-29 06:18:44.000000 	177.000000	55.821899	-155.622406	222.600030	-0.031466	-0.014822	-0.000365	0.329724	0.267877	0.488749	-0.181153	-0.028977	0.000513	0.019236	0.244299	0.235226	0.551669
2021-07-29 06:18:45.000000 	178.000000	55.821899	-155.622406	222.600030	-0.042624	-0.021455	0.024307	0.309910	0.251789	0.459385	-0.156188	-0.025790	0.001949	0.046894	0.229624	0.221095	0.518523
2021-07-29 06:18:46.000000 	179.000000	55.821899	-155.622406	222.600030	-0.055797	-0.022864	0.022844	0.333456	0.270930	0.494294	-0.166298	-0.037019	-0.002204	0.052751	0.247076	0.237898	0.557925
2021-07-29 06:18:47.000000 	180.000000	55.821899	-155.622406	222.600030	-0.025366	0.000336	-0.001887	0.272974	0.221798	0.404645	-0.152016	-0.020060	-0.010776	0.011341	0.202267	0.194753	0.456735
2021-07-29 06:18:48.000000 	181.000000	55.821899	-155.622406	222.600030	-0.024974	-0.010422	0.001155	0.302369	0.245692	0.448226	-0.167044	-0.021729	-0.000815	0.016151	0.224054	0.215730	0.505924
2021-07-29 06:18:49.000000 	182.000000	55.821899	-155.622406	222.600030	-0.034832	-0.015771	0.021293	0.313390	0.254656	0.464569	-0.162308	-0.019671	-0.000012	0.039095	0.232225	0.223597	0.524369
2021-07-29 06:18:50.000000 	183.000000	55.821899	-155.622406	222.600030	-0.026096	-0.026752	0.032814	0.278032	0.225934	0.412160	-0.138304	-0.010365	0.013595	0.046703	0.206030	0.198374	0.465213
2021-07-29 06:18:51.000000 	184.000000	55.821899	-155.622406	222.600030	-0.028859	-0.019547	0.003335	0.349777	0.284246	0.518524	-0.191663	-0.026547	0.005893	0.022058	0.259202	0.249569	0.585266
2021-07-29 06:18:52.000000 	185.000000	55.821899	-155.622406	222.600030	-0.020919	-0.007566	0.017584	0.302065	0.245483	0.447800	-0.161916	-0.008469	-0.001743	0.027005	0.223851	0.215531	0.505437
2021-07-29 06:18:53.000000 	186.000000	55.821899	-155.622406	222.600030	-0.029893	-0.008123	0.007459	0.298004	0.242192	0.441786	-0.160930	-0.021109	-0.004940	0.023350	0.220847	0.212638	0.498648
2021-07-29 06:18:54.000000 	187.000000	55.821899	-155.622406	222.600030	-0.042416	-0.016652	0.046955	0.309048	0.251178	0.458165	-0.147368	-0.011271	-0.002340	0.064410	0.229038	0.220523	0.517134
2021-07-29 06:18:55.000000 	188.000000	55.821899	-155.622406	222.600030	-0.030903	-0.008884	0.005378	0.326911	0.265706	0.484653	-0.178174	-0.023299	-0.004664	0.022322	0.242282	0.233274	0.547030
2021-07-29 06:18:56.000000 	189.000000	55.821899	-155.622406	222.600030	-0.027740	-0.002735	0.022643	0.329407	0.267745	0.488361	-0.174369	-0.009117	-0.008958	0.033560	0.244138	0.235061	0.551213
2021-07-29 06:18:57.000000 	190.000000	55.821899	-155.622406	222.600030	-0.052419	-0.014831	0.029915	0.329944	0.268192	0.489163	-0.163498	-0.027759	-0.008127	0.055009	0.244542	0.235449	0.552117
2021-07-29 06:18:58.000000 	191.000000	55.821899	-155.622406	222.600030	-0.043611	-0.009805	0.017241	0.328779	0.267256	0.487443	-0.170871	-0.026525	-0.009069	0.038852	0.243685	0.234623	0.550174
2021-07-29 06:18:59.000000 	192.000000	55.821899	-155.622406	222.600030	-0.041180	-0.022153	0.018008	0.289529	0.235360	0.429257	-0.147111	-0.028479	0.003181	0.041105	0.214599	0.206618	0.484499
2021-07-29 06:19:00.000000 	193.000000	55.821899	-155.622406	222.600030	-0.036498	-0.015039	0.024370	0.337651	0.274489	0.500610	-0.174865	-0.018948	-0.001367	0.042323	0.250274	0.240964	0.565032
2021-07-29 06:19:01.000000 	194.000000	55.821899	-155.622406	222.600030	-0.044959	-0.010954	0.029731	0.317960	0.258491	0.471421	-0.159237	-0.020916	-0.008580	0.050141	0.235684	0.226917	0.532087
2021-07-29 06:19:02.000000 	195.000000	55.821899	-155.622406	222.600030	-0.025208	-0.022168	0.002007	0.316773	0.257537	0.469668	-0.173728	-0.025438	0.009787	0.019699	0.234811	0.226075	0.530106
2021-07-29 06:19:03.000000 	196.000000	55.821899	-155.622406	222.600030	-0.030771	-0.021096	0.017632	0.319223	0.259539	0.473307	-0.167734	-0.020485	0.006515	0.035223	0.236633	0.227828	0.534212
2021-07-29 06:19:04.000000 	197.000000	55.821899	-155.622406	222.600030	-0.030699	-0.009698	0.018440	0.283863	0.230799	0.420886	-0.148117	-0.016086	-0.003837	0.033212	0.210427	0.202597	0.475044
2021-07-29 06:19:05.000000 	198.000000	55.821899	-155.622406	222.600030	-0.022399	-0.002393	0.014327	0.332248	0.270149	0.492632	-0.180851	-0.009647	-0.007065	0.023869	0.246301	0.237134	0.556020
2021-07-29 06:19:06.000000 	199.000000	55.821899	-155.622406	222.600030	-0.023324	-0.022544	0.012742	0.346658	0.281878	0.514005	-0.187472	-0.018115	0.010907	0.027703	0.256990	0.247425	0.580142
2021-07-29 06:19:07.000000 	200.000000	55.821899	-155.622406	222.600030	-0.039749	-0.025201	0.014527	0.286343	0.232843	0.424580	-0.146652	-0.030397	0.006548	0.038200	0.212282	0.204380	0.479209
2021-07-29 06:19:08.000000 	201.000000	55.821899	-155.622406	222.600030	-0.032149	0.008528	0.013448	0.330040	0.268387	0.489379	-0.178014	-0.013759	-0.021037	0.025598	0.244684	0.235575	0.552344
2021-07-29 06:19:09.000000 	202.000000	55.821899	-155.622406	222.600030	-0.042508	-0.010641	0.026550	0.287619	0.233899	0.426483	-0.143583	-0.020750	-0.007852	0.046182	0.213239	0.205300	0.481355
2021-07-29 06:19:10.000000 	203.000000	55.821899	-155.622406	222.600030	-0.041939	-0.021480	0.020140	0.347702	0.282771	0.515581	-0.180124	-0.027623	0.002255	0.043102	0.257791	0.248192	0.581915
2021-07-29 06:19:11.000000 	204.000000	55.821899	-155.622406	222.600030	-0.032407	-0.011850	0.009788	0.300470	0.244369	0.445550	-0.160430	-0.022968	-0.002583	0.027428	0.222778	0.214482	0.502872
2021-07-29 06:19:12.000000 	205.000000	55.821899	-155.622406	222.600030	-0.041357	-0.015317	0.039113	0.322562	0.262346	0.478315	-0.158898	-0.014422	-0.003118	0.057071	0.239164	0.230257	0.539851
2021-07-29 06:19:13.000000 	206.000000	55.821899	-155.622406	222.600030	-0.028314	-0.019371	0.028881	0.252452	0.205333	0.374356	-0.125388	-0.011725	0.005957	0.042872	0.187186	0.180214	0.422517
2021-07-29 06:19:14.000000 	207.000000	55.821899	-155.622406	222.600030	-0.034294	-0.018629	0.011313	0.397165	0.323049	0.588957	-0.214843	-0.025848	0.002813	0.031227	0.294495	0.283524	0.664724
2021-07-29 06:19:15.000000 	208.000000	55.821899	-155.622406	222.600030	-0.027983	-0.001278	0.021193	0.292112	0.237610	0.433180	-0.153406	-0.009617	-0.010386	0.032148	0.216605	0.208535	0.488905
2021-07-29 06:19:16.000000 	209.000000	55.821899	-155.622406	222.600030	-0.042251	-0.022393	0.017546	0.281475	0.228966	0.417411	-0.142289	-0.029628	0.002958	0.041327	0.208723	0.200946	0.471106
2021-07-29 06:19:17.000000 	210.000000	55.821899	-155.622406	222.600030	-0.032539	-0.013854	0.025996	0.328799	0.267473	0.487597	-0.170396	-0.014646	-0.000812	0.041368	0.243822	0.234736	0.550319
2021-07-29 06:19:18.000000 	211.000000	55.821899	-155.622406	222.600030	-0.048845	-0.028531	0.026580	0.283874	0.230936	0.420980	-0.137484	-0.031617	0.005827	0.053598	0.210513	0.202668	0.475132
2021-07-29 06:19:19.000000 	212.000000	55.821899	-155.622406	222.600030	-0.024392	-0.008036	-0.010796	0.350128	0.284846	0.519240	-0.199872	-0.027190	-0.002748	0.005413	0.259652	0.249974	0.586029
2021-07-29 06:19:20.000000 	213.000000	55.821899	-155.622406	222.600030	-0.031726	-0.018997	0.015536	0.306765	0.249578	0.454938	-0.161340	-0.021666	0.004209	0.033492	0.227500	0.219020	0.513455
2021-07-29 06:19:21.000000 	214.000000	55.821899	-155.622406	222.600030	-0.032993	-0.002901	0.009946	0.313833	0.255338	0.465426	-0.168868	-0.020265	-0.010976	0.025782	0.232748	0.224071	0.525291
2021-07-29 06:19:22.000000 	215.000000	55.821899	-155.622406	222.600030	-0.030852	-0.008602	0.010642	0.323994	0.263616	0.480502	-0.174616	-0.020207	-0.004899	0.026586	0.240290	0.231332	0.542304
2021-07-29 06:19:23.000000 	216.000000	55.821899	-155.622406	222.600030	-0.037571	-0.010603	0.026024	0.258421	0.210271	0.383259	-0.128299	-0.017312	-0.005849	0.043213	0.191663	0.184517	0.432552
2021-07-29 06:19:24.000000 	217.000000	55.821899	-155.622406	222.600030	-0.047846	-0.009633	0.040726	0.307867	0.250514	0.456596	-0.148371	-0.016464	-0.010974	0.060408	0.228342	0.219827	0.515321
2021-07-29 06:19:25.000000 	218.000000	55.821899	-155.622406	222.600030	-0.019819	-0.004942	0.019899	0.377949	0.307552	0.560542	-0.205716	-0.005443	-0.003679	0.027749	0.280328	0.269874	0.632633
2021-07-29 06:19:26.000000 	219.000000	55.821899	-155.622406	222.600030	-0.032454	-0.018077	0.020940	0.297183	0.241840	0.440763	-0.153591	-0.018865	0.003070	0.038121	0.220430	0.212208	0.497448
2021-07-29 06:19:27.000000 	220.000000	55.821899	-155.622406	222.600030	-0.042075	-0.015046	0.020854	0.300910	0.244882	0.446296	-0.153302	-0.025128	-0.003662	0.042270	0.223200	0.214874	0.503691
2021-07-29 06:19:28.000000 	221.000000	55.821899	-155.622406	222.600030	-0.039384	-0.026504	0.042522	0.334031	0.271848	0.495427	-0.163624	-0.014840	0.007886	0.061476	0.247775	0.238531	0.559139
2021-07-29 06:19:29.000000 	222.000000	55.821899	-155.622406	222.600030	-0.030436	-0.011770	0.002821	0.325053	0.264551	0.482116	-0.178052	-0.025369	-0.001842	0.020637	0.241121	0.232125	0.544115
2021-07-29 06:19:30.000000 	223.000000	55.821899	-155.622406	222.600030	-0.030355	-0.006307	0.017437	0.319775	0.260266	0.474294	-0.169919	-0.015232	-0.006784	0.031420	0.237212	0.228361	0.535285
2021-07-29 06:19:31.000000 	224.000000	55.821899	-155.622406	222.600030	-0.047066	-0.010070	0.028651	0.266997	0.217318	0.396017	-0.129445	-0.022809	-0.010254	0.050121	0.198066	0.190675	0.446942
2021-07-29 06:19:32.000000 	225.000000	55.821899	-155.622406	222.600030	-0.038818	-0.013379	0.006092	0.337800	0.274959	0.501042	-0.181607	-0.030397	-0.003836	0.028005	0.250598	0.241245	0.565470
2021-07-29 06:19:33.000000 	226.000000	55.821899	-155.622406	222.600030	-0.044631	-0.020296	0.017629	0.303138	0.246755	0.449635	-0.154505	-0.030658	0.000065	0.042127	0.224890	0.216495	0.507452
2021-07-29 06:19:34.000000 	227.000000	55.821899	-155.622406	222.600030	-0.033531	-0.026030	0.015807	0.312946	0.254749	0.464189	-0.163527	-0.025275	0.009869	0.036270	0.232172	0.223505	0.523875
2021-07-29 06:19:35.000000 	228.000000	55.821899	-155.622406	222.600030	-0.020753	-0.005827	0.024442	0.306735	0.249703	0.454982	-0.162270	-0.003897	-0.003258	0.032191	0.227571	0.219074	0.513482
2021-07-29 06:19:36.000000 	229.000000	55.821899	-155.622406	222.600030	-0.033258	-0.027994	0.006959	0.322769	0.262766	0.478771	-0.172451	-0.030711	0.011771	0.029265	0.239473	0.230531	0.540329
2021-07-29 06:19:37.000000 	230.000000	55.821899	-155.622406	222.600030	-0.039658	-0.011918	0.018250	0.290848	0.236789	0.431427	-0.149520	-0.023701	-0.005514	0.038153	0.215796	0.207737	0.486897
2021-07-29 06:19:38.000000 	231.000000	55.821899	-155.622406	222.600030	-0.026140	-0.001656	0.026217	0.311616	0.253707	0.462240	-0.163317	-0.005535	-0.009281	0.035449	0.231211	0.222576	0.521669
2021-07-29 06:19:39.000000 	232.000000	55.821899	-155.622406	222.600030	-0.036568	-0.013853	0.027591	0.307578	0.250429	0.456256	-0.156373	-0.016785	-0.002475	0.044749	0.228221	0.219697	0.514914
2021-07-29 06:19:40.000000 	233.000000	55.821899	-155.622406	222.600030	-0.038094	-0.029103	0.029344	0.333733	0.271735	0.495059	-0.168755	-0.022158	0.010785	0.050516	0.247635	0.238385	0.558705
2021-07-29 06:19:41.000000 	234.000000	55.821899	-155.622406	222.600030	-0.033158	-0.006589	0.007361	0.339853	0.276730	0.504144	-0.184714	-0.023100	-0.007684	0.024584	0.252183	0.242762	0.568956
2021-07-29 06:19:42.000000 	235.000000	55.821899	-155.622406	222.600030	-0.034950	-0.009083	0.029235	0.289077	0.235394	0.428827	-0.145891	-0.013014	-0.006153	0.044175	0.214511	0.206497	0.483955
2021-07-29 06:19:43.000000 	236.000000	55.821899	-155.622406	222.600030	-0.045559	-0.008524	0.007784	0.320009	0.260592	0.474718	-0.169041	-0.032868	-0.011041	0.031728	0.237471	0.228598	0.535744
2021-07-29 06:19:44.000000 	237.000000	55.821899	-155.622406	222.600030	-0.052754	-0.021122	0.041415	0.319035	0.259809	0.473279	-0.152120	-0.023699	-0.002535	0.066153	0.236755	0.227907	0.534119
2021-07-29 06:19:45.000000 	238.000000	55.821899	-155.622406	222.600030	-0.027514	-0.008761	0.015393	0.308609	0.251330	0.457819	-0.164862	-0.015077	-0.003376	0.028845	0.229025	0.220465	0.516670
2021-07-29 06:19:46.000000 	239.000000	55.821899	-155.622406	222.600030	-0.023753	-0.008959	0.014937	0.338041	0.275310	0.501488	-0.183177	-0.012567	-0.001644	0.026589	0.250874	0.241496	0.565950
2021-07-29 06:19:47.000000 	240.000000	55.821899	-155.622406	222.600030	-0.038130	-0.014483	0.008138	0.299955	0.244301	0.444992	-0.158913	-0.029106	-0.002546	0.029602	0.222615	0.214293	0.502190
2021-07-29 06:19:48.000000 	241.000000	55.821899	-155.622406	222.600030	-0.037291	-0.006094	0.033619	0.328986	0.267957	0.488066	-0.167012	-0.011295	-0.009841	0.048307	0.244167	0.235038	0.550800
2021-07-29 06:19:49.000000 	242.000000	55.821899	-155.622406	222.600030	-0.038337	-0.020611	0.030958	0.274950	0.223954	0.407906	-0.134826	-0.018535	0.002950	0.050007	0.204068	0.196438	0.460335
2021-07-29 06:19:50.000000 	243.000000	55.821899	-155.622406	222.600030	-0.022349	-0.016922	0.007344	0.360658	0.293777	0.535065	-0.198840	-0.018493	0.006189	0.021435	0.267688	0.257678	0.603837
2021-07-29 06:19:51.000000 	244.000000	55.821899	-155.622406	222.600030	-0.040010	-0.028577	0.013014	0.361362	0.294362	0.536117	-0.190724	-0.032597	0.009515	0.037865	0.268218	0.258187	0.605022
2021-07-29 06:19:52.000000 	245.000000	55.821899	-155.622406	222.600030	-0.048375	-0.013945	0.033056	0.200859	0.163624	0.297998	-0.088179	-0.022644	-0.007265	0.055333	0.149090	0.143514	0.336297
2021-07-29 06:19:53.000000 	246.000000	55.821899	-155.622406	222.600030	-0.018513	-0.016407	0.018930	0.330628	0.269349	0.490533	-0.177939	-0.008919	0.007303	0.028938	0.245421	0.236240	0.553575
2021-07-29 06:19:54.000000 	247.000000	55.821899	-155.622406	222.600030	-0.045521	-0.020427	0.002338	0.343700	0.280009	0.509932	-0.183738	-0.039963	-0.000183	0.029963	0.255131	0.245586	0.575466
2021-07-29 06:19:55.000000 	248.000000	55.821899	-155.622406	222.600030	-0.025431	-0.009177	0.026121	0.309664	0.252291	0.459440	-0.161815	-0.007623	-0.002137	0.036750	0.229872	0.221272	0.518484
2021-07-29 06:19:56.000000 	249.000000	55.821899	-155.622406	222.600030	-0.050502	-0.017911	0.027379	0.276583	0.225348	0.410364	-0.133785	-0.028791	-0.004531	0.052644	0.205321	0.197638	0.463100
2021-07-29 06:19:57.000000 	250.000000	55.821899	-155.622406	222.600030	-0.035003	-0.009166	0.022930	0.319546	0.260362	0.474113	-0.166161	-0.016624	-0.006099	0.039006	0.237221	0.228343	0.535038
2021-07-29 06:19:58.000000 	251.000000	55.821899	-155.622406	222.600030	-0.038338	-0.005629	0.003940	0.311916	0.254156	0.462798	-0.168337	-0.028598	-0.010697	0.024182	0.231563	0.222896	0.522268
2021-07-29 06:19:59.000000 	252.000000	55.821899	-155.622406	222.600030	-0.026485	-0.001391	0.028453	0.282683	0.230346	0.419429	-0.145605	-0.004449	-0.009665	0.037414	0.209867	0.202012	0.473325
2021-07-29 06:20:00.000000 	253.000000	55.821899	-155.622406	222.600030	-0.043632	-0.018786	0.035349	0.309669	0.252346	0.459476	-0.152071	-0.019435	-0.000898	0.055926	0.229909	0.221302	0.518516
2021-07-29 06:20:01.000000 	254.000000	55.821899	-155.622406	222.600030	-0.026975	-0.015567	0.022466	0.334316	0.272441	0.496052	-0.176559	-0.013021	0.003045	0.035998	0.248214	0.238921	0.559790
2021-07-29 06:20:02.000000 	255.000000	55.821899	-155.622406	222.600030	-0.032365	-0.018947	0.031100	0.291501	0.237560	0.432529	-0.146368	-0.013387	0.003900	0.046683	0.216433	0.208329	0.488104
2021-07-29 06:20:03.000000 	256.000000	55.821899	-155.622406	222.600030	-0.043567	-0.012073	0.016625	0.329526	0.268560	0.488956	-0.171631	-0.027612	-0.006986	0.038846	0.244672	0.235510	0.551779
2021-07-29 06:20:04.000000 	257.000000	55.821899	-155.622406	222.600030	-0.031862	-0.003376	0.015831	0.335235	0.273223	0.497432	-0.179531	-0.016269	-0.010076	0.030183	0.248918	0.239596	0.561343
2021-07-29 06:20:05.000000 	258.000000	55.821899	-155.622406	222.600030	-0.042708	-0.033456	0.017656	0.263812	0.215021	0.391458	-0.130475	-0.033688	0.012846	0.044217	0.195891	0.188554	0.441752
2021-07-29 06:20:06.000000 	259.000000	55.821899	-155.622406	222.600030	-0.036651	-0.016739	0.005986	0.371943	0.303166	0.551914	-0.202004	-0.029971	0.000119	0.027587	0.276190	0.265844	0.622821
2021-07-29 06:20:07.000000 	260.000000	55.821899	-155.622406	222.600030	-0.040013	-0.020400	0.037109	0.260362	0.212226	0.386347	-0.123486	-0.016270	0.002066	0.055904	0.193340	0.186097	0.435981
2021-07-29 06:20:08.000000 	261.000000	55.821899	-155.622406	222.600030	-0.028759	-0.000571	0.008099	0.376572	0.306964	0.558796	-0.207739	-0.017316	-0.011350	0.021548	0.279644	0.269166	0.630583
2021-07-29 06:20:09.000000 	262.000000	55.821899	-155.622406	222.600030	-0.041937	-0.011117	0.021168	0.281308	0.229319	0.417439	-0.142346	-0.023506	-0.007184	0.041548	0.208907	0.201078	0.471065
2021-07-29 06:20:10.000000 	263.000000	55.821899	-155.622406	222.600030	-0.044096	-0.018511	0.019853	0.326166	0.265897	0.484009	-0.167645	-0.028397	-0.001340	0.043279	0.242226	0.233148	0.546186
2021-07-29 06:20:11.000000 	264.000000	55.821899	-155.622406	222.600030	-0.033922	-0.022014	0.025332	0.286099	0.233243	0.424557	-0.144734	-0.018848	0.006050	0.043418	0.212476	0.204513	0.479095
2021-07-29 06:20:12.000000 	265.000000	55.821899	-155.622406	222.600030	-0.025592	-0.023643	0.017265	0.300298	0.244829	0.445633	-0.158285	-0.017658	0.010972	0.032860	0.223028	0.214668	0.502877
2021-07-29 06:20:13.000000 	266.000000	55.821899	-155.622406	222.600030	-0.037682	-0.010772	0.032349	0.344890	0.281196	0.511813	-0.176371	-0.013900	-0.005742	0.048542	0.256154	0.246551	0.577555
2021-07-29 06:20:14.000000 	267.000000	55.821899	-155.622406	222.600030	-0.021997	-0.002290	0.040053	0.320723	0.261503	0.475955	-0.164188	0.005142	-0.006993	0.044922	0.238212	0.229281	0.537090
2021-07-29 06:20:15.000000 	268.000000	55.821899	-155.622406	222.600030	-0.043054	-0.009197	0.011784	0.320729	0.261518	0.475969	-0.168823	-0.028964	-0.009394	0.033911	0.238223	0.229290	0.537104
2021-07-29 06:20:16.000000 	269.000000	55.821899	-155.622406	222.600030	-0.044823	-0.023341	0.019004	0.350650	0.285927	0.520379	-0.181541	-0.031070	0.002760	0.044069	0.260455	0.250688	0.587217
2021-07-29 06:20:17.000000 	270.000000	55.821899	-155.622406	222.600030	-0.037031	-0.003326	0.015374	0.249460	0.203423	0.370213	-0.128196	-0.020403	-0.012255	0.032439	0.185298	0.178349	0.417761
2021-07-29 06:20:18.000000 	271.000000	55.821899	-155.622406	222.600030	-0.044075	-0.022686	0.035734	0.351720	0.286824	0.521980	-0.175997	-0.020884	0.002471	0.057375	0.261265	0.251465	0.589019
2021-07-29 06:20:19.000000 	272.000000	55.821899	-155.622406	222.600030	-0.030935	-0.011726	0.006733	0.273874	0.223350	0.406454	-0.146815	-0.023533	-0.002088	0.024118	0.203445	0.195813	0.458655
2021-07-29 06:20:20.000000 	273.000000	55.821899	-155.622406	222.600030	-0.030259	-0.018567	0.008023	0.356581	0.290811	0.529205	-0.193986	-0.024634	0.004422	0.026425	0.264891	0.254953	0.597168
2021-07-29 06:20:21.000000 	274.000000	55.821899	-155.622406	222.600030	-0.039351	-0.023157	0.020342	0.227129	0.185243	0.337088	-0.110436	-0.026132	0.004851	0.042333	0.168731	0.162400	0.380377
2021-07-29 06:20:22.000000 	275.000000	55.821899	-155.622406	222.600030	-0.046161	-0.012324	0.040617	0.358693	0.292558	0.532352	-0.178611	-0.016175	-0.007828	0.060080	0.266476	0.256477	0.600716
2021-07-29 06:20:23.000000 	276.000000	55.821899	-155.622406	222.600030	-0.026286	-0.005056	0.006645	0.333870	0.272323	0.495516	-0.183833	-0.017801	-0.006244	0.020120	0.248042	0.238733	0.559148
2021-07-29 06:20:24.000000 	277.000000	55.821899	-155.622406	222.600030	-0.044153	-0.011453	0.025563	0.333840	0.272309	0.495477	-0.170701	-0.022821	-0.007792	0.046396	0.248027	0.238718	0.559102
2021-07-29 06:20:25.000000 	278.000000	55.821899	-155.622406	222.600030	-0.033718	-0.015033	0.025697	0.271072	0.221119	0.402323	-0.136733	-0.016105	-0.000224	0.041997	0.201400	0.193839	0.453985
2021-07-29 06:20:26.000000 	279.000000	55.821899	-155.622406	222.600030	-0.029067	-0.018517	0.007689	0.281456	0.229600	0.417740	-0.150692	-0.023907	0.004868	0.025528	0.209121	0.201270	0.471380
2021-07-29 06:20:27.000000 	280.000000	55.821899	-155.622406	222.600030	-0.033970	-0.012584	0.020028	0.364282	0.297178	0.540678	-0.193461	-0.018643	-0.002559	0.036869	0.270669	0.260506	0.610101
2021-07-29 06:20:28.000000 	281.000000	55.821899	-155.622406	222.600030	-0.039203	-0.016986	0.043039	0.310080	0.252971	0.460235	-0.150845	-0.011163	-0.000709	0.059604	0.230403	0.221751	0.519328
2021-07-29 06:20:29.000000 	282.000000	55.821899	-155.622406	222.600030	-0.036087	-0.010621	0.030660	0.278217	0.226985	0.412946	-0.138721	-0.013596	-0.005220	0.046293	0.206733	0.198969	0.465966
2021-07-29 06:20:30.000000 	283.000000	55.821899	-155.622406	222.600030	-0.036113	-0.019256	0.003720	0.338954	0.276550	0.503102	-0.183620	-0.031698	0.002634	0.026021	0.251872	0.242412	0.567696
2021-07-29 06:20:31.000000 	284.000000	55.821899	-155.622406	222.600030	-0.035683	-0.025002	0.036159	0.264928	0.216161	0.393231	-0.127329	-0.015113	0.008045	0.053970	0.196870	0.189475	0.443716
2021-07-29 06:20:32.000000 	285.000000	55.821899	-155.622406	222.600030	-0.046889	-0.007731	0.018405	0.363615	0.296695	0.539718	-0.190407	-0.027633	-0.012311	0.041012	0.270214	0.260062	0.609009
2021-07-29 06:20:33.000000 	286.000000	55.821899	-155.622406	222.600030	-0.020874	-0.016859	0.006926	0.296218	0.241711	0.439684	-0.162128	-0.017595	0.006740	0.020320	0.220135	0.211864	0.496130
2021-07-29 06:20:34.000000 	287.000000	55.821899	-155.622406	222.600030	-0.034073	-0.005220	0.023064	0.322373	0.263064	0.478512	-0.168561	-0.014501	-0.009309	0.037726	0.239580	0.230577	0.539941
2021-07-29 06:20:35.000000 	288.000000	55.821899	-155.622406	222.600030	-0.038989	-0.011185	0.014988	0.374710	0.305786	0.556204	-0.200234	-0.024780	-0.005905	0.034943	0.278484	0.268018	0.627606
2021-07-29 06:20:36.000000 	289.000000	55.821899	-155.622406	222.600030	-0.050584	-0.014353	0.045150	0.268163	0.218846	0.398054	-0.122432	-0.017655	-0.007805	0.066564	0.199304	0.191813	0.449152
2021-07-29 06:20:37.000000 	290.000000	55.821899	-155.622406	222.600030	-0.049862	-0.014265	0.022013	0.290072	0.236736	0.430581	-0.144488	-0.030078	-0.007587	0.047032	0.215594	0.207490	0.485852
2021-07-29 06:20:38.000000 	291.000000	55.821899	-155.622406	222.600030	-0.019433	-0.016414	0.012987	0.290550	0.237136	0.431295	-0.156940	-0.012952	0.006930	0.024494	0.215956	0.207837	0.486657
2021-07-29 06:20:39.000000 	292.000000	55.821899	-155.622406	222.600030	-0.038198	0.000653	0.018971	0.161204	0.131574	0.239296	0.108801	-0.017904	-0.016361	0.035088	0.119821	0.115316	0.270011
2021-07-29 06:20:40.000000 	293.000000	55.821899	-155.622406	222.600030	-0.035072	-0.016632	0.015329	0.354000	0.288945	0.525492	-0.188631	-0.023496	0.000674	0.034483	0.263132	0.253238	0.592941
2021-07-29 06:20:41.000000 	294.000000	55.821899	-155.622406	222.600030	-0.036869	-0.014046	0.027650	0.306917	0.250525	0.455605	-0.156145	-0.017046	-0.002424	0.044997	0.228142	0.219562	0.514082
2021-07-29 06:20:42.000000 	295.000000	55.821899	-155.622406	222.600030	-0.039602	-0.019139	0.039562	0.306272	0.250009	0.454653	-0.149746	-0.014153	0.001087	0.057431	0.227669	0.219107	0.513007
2021-07-29 06:20:43.000000 	296.000000	55.821899	-155.622406	222.600030	-0.031451	-0.021040	0.033869	0.350311	0.285969	0.520032	-0.179751	-0.011857	0.006183	0.048991	0.260413	0.250618	0.586775
2021-07-29 06:20:44.000000 	297.000000	55.821899	-155.622406	222.600030	-0.035703	-0.009345	0.009553	0.715570	0.584166	1.062267	-0.401899	-0.024728	-0.006225	0.028339	0.531956	0.511944	1.198598
2021-07-29 06:20:45.000000 	298.000000	55.821899	-155.622406	222.600030	-0.030014	-0.026725	0.017500	0.333444	0.272223	0.495004	-0.176077	-0.021912	0.011954	0.036032	0.247890	0.238564	0.558531
2021-07-29 06:20:46.000000 	299.000000	55.821899	-155.622406	222.600030	-0.050675	-0.014409	0.021359	0.283880	0.231769	0.421431	-0.140868	-0.031107	-0.007792	0.046940	0.211050	0.203109	0.475514
2021-07-29 06:20:47.000000 	300.000000	55.821899	-155.622406	222.600030	-0.035256	-0.006985	0.028242	0.368887	0.301184	0.547633	-0.193199	-0.013087	-0.008189	0.043024	0.274257	0.263936	0.617910
2021-07-29 06:20:48.000000 	301.000000	55.821899	-155.622406	222.600030	-0.027162	-0.012150	0.007473	0.279715	0.228387	0.415256	-0.151127	-0.020418	-0.000145	0.022898	0.207966	0.200139	0.468544
2021-07-29 06:20:49.000000 	302.000000	55.821899	-155.622406	222.600030	-0.036042	-0.006896	0.023045	0.294403	0.240391	0.437067	-0.151610	-0.016568	-0.008595	0.039106	0.218894	0.210654	0.493152
2021-07-29 06:20:50.000000 	303.000000	55.821899	-155.622406	222.600030	-0.042057	-0.020252	0.038170	0.312582	0.255245	0.464060	-0.153203	-0.017164	0.001087	0.057794	0.232417	0.223668	0.523607
2021-07-29 06:20:51.000000 	304.000000	55.821899	-155.622406	222.600030	-0.039840	-0.010280	0.006848	0.319264	0.260712	0.473985	-0.170888	-0.029685	-0.007081	0.028434	0.237393	0.228455	0.534804
2021-07-29 06:20:52.000000 	305.000000	55.821899	-155.622406	222.600030	-0.032093	-0.014258	0.023453	0.336417	0.274730	0.499455	-0.176383	-0.015877	-0.000259	0.039131	0.250154	0.240735	0.563540
2021-07-29 06:20:53.000000 	306.000000	55.821899	-155.622406	222.600030	-0.033617	-0.014838	0.029224	0.270469	0.220884	0.401551	-0.135163	-0.013981	-0.000361	0.044819	0.201123	0.193549	0.453073
2021-07-29 06:20:54.000000 	307.000000	55.821899	-155.622406	222.600030	-0.042792	-0.017753	0.031702	0.353821	0.288967	0.525304	-0.179906	-0.020498	-0.001492	0.052239	0.263112	0.253203	0.592702
2021-07-29 06:20:55.000000 	308.000000	55.821899	-155.622406	222.600030	-0.013864	-0.019084	0.008370	0.305870	0.249816	0.454118	-0.168898	-0.012261	0.011661	0.018444	0.227461	0.218894	0.512381
2021-07-29 06:20:56.000000 	309.000000	55.821899	-155.622406	222.600030	-0.043187	-0.013379	0.026343	0.317257	0.259127	0.471029	-0.160979	-0.022313	-0.005639	0.046994	0.235936	0.227049	0.531460
2021-07-29 06:20:57.000000 	310.000000	55.821899	-155.622406	222.600030	-0.047332	-0.014021	0.016258	0.350953	0.286661	0.521063	-0.183235	-0.031321	-0.006765	0.040920	0.261004	0.251171	0.587911
2021-07-29 06:20:58.000000 	311.000000	55.821899	-155.622406	222.600030	-0.041959	-0.002057	0.032864	0.277091	0.226340	0.411404	-0.136306	-0.013858	-0.015445	0.049135	0.206079	0.198315	0.464183
2021-07-29 06:20:59.000000 	312.000000	55.821899	-155.622406	222.600030	-0.049032	-0.019899	0.029681	0.306861	0.250667	0.455609	-0.151181	-0.027069	-0.002113	0.054258	0.228227	0.219627	0.514056
2021-07-29 06:21:00.000000 	313.000000	55.821899	-155.622406	222.600030	-0.018735	-0.007774	0.022376	0.288388	0.235587	0.428186	-0.153167	-0.004202	-0.000652	0.029901	0.214495	0.206411	0.483114
2021-07-29 06:21:01.000000 	314.000000	55.821899	-155.622406	222.600030	-0.033521	-0.018476	0.018055	0.356900	0.291568	0.529915	-0.189628	-0.021425	0.002993	0.036373	0.265460	0.255455	0.597891
2021-07-29 06:21:02.000000 	315.000000	55.821899	-155.622406	222.600030	-0.048537	-0.011420	0.019000	0.314738	0.257135	0.467319	-0.160905	-0.029800	-0.009631	0.043202	0.234108	0.225283	0.527264
2021-07-29 06:21:03.000000 	316.000000	55.821899	-155.622406	222.600030	-0.029129	-0.016569	0.027457	0.232431	0.189899	0.345114	-0.114780	-0.012183	0.003069	0.041462	0.172891	0.166373	0.389381
2021-07-29 06:21:04.000000 	317.000000	55.821899	-155.622406	222.600030	-0.028672	-0.007926	0.012874	0.394792	0.322564	0.586194	-0.216177	-0.017080	-0.004615	0.027159	0.293672	0.282599	0.661383
2021-07-29 06:21:05.000000 	318.000000	55.821899	-155.622406	222.600030	-0.040752	-0.012418	0.023376	0.230949	0.188704	0.342920	-0.112475	-0.021817	-0.005510	0.043070	0.171800	0.165321	0.386903
2021-07-29 06:21:06.000000 	319.000000	55.821899	-155.622406	222.600030	-0.032667	-0.019294	0.032868	0.354629	0.289773	0.526569	-0.182662	-0.012740	0.004090	0.048380	0.263812	0.253863	0.594106
2021-07-29 06:21:07.000000 	320.000000	55.821899	-155.622406	222.600030	-0.041638	-0.018692	0.014830	0.189196	0.154601	0.280929	0.125998	-0.029427	-0.000160	0.037908	0.140749	0.135440	0.316960
2021-07-29 06:21:08.000000 	321.000000	55.821899	-155.622406	222.600030	-0.039138	-0.020051	0.024405	0.318578	0.260337	0.473049	-0.163056	-0.022628	0.002110	0.044866	0.237008	0.228068	0.533718
2021-07-29 06:21:09.000000 	322.000000	55.821899	-155.622406	222.600030	-0.039437	-0.010452	0.010791	0.763217	0.623716	1.133295	-0.428316	-0.027224	-0.006757	0.031530	0.567819	0.546397	1.278636
2021-07-29 06:21:10.000000 	323.000000	55.821899	-155.622406	222.600030	-0.042501	-0.015522	0.032714	0.346660	0.283310	0.514759	-0.175733	-0.018948	-0.003404	0.052410	0.257917	0.248186	0.580773
2021-07-29 06:21:11.000000 	324.000000	55.821899	-155.622406	222.600030	-0.034828	-0.008750	0.032965	0.276492	0.225974	0.410570	-0.137525	-0.010713	-0.006405	0.047122	0.205718	0.197956	0.463221
2021-07-29 06:21:12.000000 	325.000000	55.821899	-155.622406	222.600030	-0.038059	-0.010386	0.024623	0.359228	0.293605	0.533431	-0.188032	-0.018393	-0.006249	0.042253	0.267284	0.257197	0.601836
2021-07-29 06:21:13.000000 	326.000000	55.821899	-155.622406	222.600030	-0.027842	-0.000702	0.030801	0.270067	0.220742	0.401037	-0.137306	-0.003916	-0.010852	0.039891	0.200951	0.193366	0.452463
2021-07-29 06:21:14.000000 	327.000000	55.821899	-155.622406	222.600030	-0.033156	-0.017862	0.015184	0.314929	0.257421	0.467659	-0.166492	-0.022553	0.002584	0.033669	0.234339	0.225493	0.527626
2021-07-29 06:21:15.000000 	328.000000	55.821899	-155.622406	222.600030	-0.041074	-0.017037	0.011188	0.322115	0.263305	0.478335	-0.169970	-0.030483	-0.001435	0.034223	0.239693	0.230644	0.539669
2021-07-29 06:21:16.000000 	329.000000	55.821899	-155.622406	222.600030	-0.035148	-0.022739	0.031420	0.316654	0.258852	0.470230	-0.160064	-0.016599	0.006205	0.049251	0.235637	0.226740	0.530522
2021-07-29 06:21:17.000000 	330.000000	55.821899	-155.622406	222.600030	-0.048675	-0.023874	0.036530	0.319921	0.261534	0.475086	-0.155942	-0.024309	0.001655	0.060662	0.238076	0.229086	0.535999
2021-07-29 06:21:18.000000 	331.000000	55.821899	-155.622406	222.600030	-0.035605	-0.012324	0.027316	0.306430	0.250516	0.455056	-0.156714	-0.015693	-0.003471	0.043675	0.228043	0.219431	0.513400
2021-07-29 06:21:19.000000 	332.000000	55.821899	-155.622406	222.600030	-0.028944	-0.012418	0.001128	0.282594	0.231039	0.419663	-0.154800	-0.025417	-0.000636	0.018623	0.210312	0.202368	0.473468
