2021-07-29 06:12:43.000000 	-184.000000	55.921091	-159.127701	170.344006	-0.014664	0.000014	-0.029633	0.269711	0.217443	0.398333	-0.163080	-0.027949	-0.005238	-0.016870	0.198228	0.193406	0.449438
2021-07-29 06:12:44.000000 	-183.000000	55.921091	-159.127701	170.344006	-0.038915	-0.023680	0.036088	0.295968	0.238618	0.437122	-0.143673	-0.016883	0.008261	0.054993	0.217527	0.212237	0.493203
2021-07-29 06:12:45.000000 	-182.000000	55.921091	-159.127701	170.344006	-0.034343	-0.002685	0.005043	0.329424	0.265599	0.486545	-0.178756	-0.024545	-0.009727	0.022693	0.242117	0.236230	0.548966
2021-07-29 06:12:46.000000 	-181.000000	55.921091	-159.127701	170.344006	-0.035497	-0.020460	0.020611	0.382409	0.308328	0.564816	-0.201232	-0.021960	0.006470	0.039741	0.281061	0.274228	0.637277
2021-07-29 06:12:47.000000 	-180.000000	55.921091	-159.127701	170.344006	-0.027404	-0.013737	-0.007404	0.259002	0.208834	0.382554	-0.143410	-0.029410	0.003072	0.010957	0.190362	0.185734	0.431632
2021-07-29 06:12:48.000000 	-179.000000	55.921091	-159.127701	170.344006	-0.041571	-0.012912	0.050382	0.327357	0.263956	0.483528	-0.156609	-0.007752	-0.002746	0.066073	0.240603	0.234755	0.545560
2021-07-29 06:12:49.000000 	-178.000000	55.921091	-159.127701	170.344006	-0.025390	-0.016375	-0.001246	0.314650	0.253718	0.464771	-0.173689	-0.025180	0.006254	0.015531	0.231265	0.225645	0.524395
2021-07-29 06:12:50.000000 	-177.000000	55.921091	-159.127701	170.344006	-0.031951	-0.004223	0.017771	0.301991	0.243518	0.446083	-0.158494	-0.016016	-0.007438	0.032290	0.221962	0.216569	0.503309
2021-07-29 06:12:51.000000 	-176.000000	55.921091	-159.127701	170.344006	-0.034997	-0.021094	0.011757	0.321099	0.258934	0.474321	-0.169163	-0.026721	0.007240	0.032272	0.236008	0.230274	0.535168
2021-07-29 06:12:52.000000 	-175.000000	55.921091	-159.127701	170.344006	-0.036087	-0.015966	-0.002983	0.339984	0.274171	0.502229	-0.185982	-0.034311	0.002061	0.019611	0.249890	0.243820	0.566656
2021-07-29 06:12:53.000000 	-174.000000	55.921091	-159.127701	170.344006	-0.031728	-0.011224	0.010726	0.299867	0.241827	0.442978	-0.159346	-0.021857	-0.000817	0.027736	0.220406	0.215052	0.499804
2021-07-29 06:12:54.000000 	-173.000000	55.921091	-159.127701	170.344006	-0.042865	-0.015295	0.027763	0.334231	0.269548	0.493755	-0.169009	-0.022131	-0.000980	0.048491	0.245666	0.239699	0.557093
2021-07-29 06:12:55.000000 	-172.000000	55.921091	-159.127701	170.344006	-0.021891	-0.010092	0.008896	0.290080	0.233948	0.428541	-0.157289	-0.014936	0.001630	0.020845	0.213215	0.208038	0.483513
2021-07-29 06:12:56.000000 	-171.000000	55.921091	-159.127701	170.344006	-0.033628	-0.002955	0.019084	0.301372	0.243062	0.445234	-0.157259	-0.016204	-0.009220	0.034002	0.221516	0.216138	0.502346
2021-07-29 06:12:57.000000 	-170.000000	55.921091	-159.127701	170.344006	-0.041219	-0.021219	0.021912	0.339643	0.273937	0.501787	-0.174222	-0.025884	0.005141	0.043966	0.249649	0.243588	0.566153
2021-07-29 06:12:58.000000 	-169.000000	55.921091	-159.127701	170.344006	-0.032561	-0.020977	0.019705	0.300040	0.242003	0.443289	-0.154603	-0.020348	0.007999	0.037557	0.220541	0.215188	0.500151
2021-07-29 06:12:59.000000 	-168.000000	55.921091	-159.127701	170.344006	-0.027793	-0.011412	-0.004394	0.349197	0.281660	0.515927	-0.194811	-0.027339	0.000760	0.013190	0.256675	0.250445	0.582105
2021-07-29 06:13:00.000000 	-167.000000	55.921091	-159.127701	170.344006	-0.021504	0.000936	-0.000321	0.336167	0.271158	0.496688	-0.188758	-0.016546	-0.008537	0.010806	0.247099	0.241103	0.560397
2021-07-29 06:13:01.000000 	-166.000000	55.921091	-159.127701	170.344006	-0.038493	-0.016582	0.020081	0.313276	0.252701	0.462877	-0.160964	-0.023432	0.001779	0.040096	0.230275	0.224687	0.522249
2021-07-29 06:13:02.000000 	-165.000000	55.921091	-159.127701	170.344006	-0.040130	-0.013000	0.038911	0.289374	0.233428	0.427572	-0.139606	-0.013090	-0.002151	0.055835	0.212707	0.207547	0.482415
2021-07-29 06:13:03.000000 	-164.000000	55.921091	-159.127701	170.344006	-0.029988	-0.019008	0.005634	0.326845	0.263663	0.482949	-0.176533	-0.025660	0.007076	0.024162	0.240252	0.234424	0.544894
2021-07-29 06:13:04.000000 	-163.000000	55.921091	-159.127701	170.344006	-0.029952	-0.011135	0.015177	0.329423	0.265750	0.486770	-0.175277	-0.017962	-0.000267	0.030476	0.242149	0.236276	0.549204
2021-07-29 06:13:05.000000 	-162.000000	55.921091	-159.127701	170.344006	-0.037146	-0.014893	-0.001863	0.333733	0.269235	0.493151	-0.181753	-0.034187	0.000681	0.020878	0.245319	0.239370	0.556402
2021-07-29 06:13:06.000000 	-161.000000	55.921091	-159.127701	170.344006	-0.029398	-0.014805	0.022863	0.297179	0.239753	0.439146	-0.153340	-0.014309	0.003359	0.037284	0.218451	0.213154	0.495470
2021-07-29 06:13:07.000000 	-160.000000	55.921091	-159.127701	170.344006	-0.035411	-0.013389	-0.005321	0.336005	0.271084	0.496532	-0.185054	-0.034337	-0.000106	0.016806	0.246993	0.241004	0.560215
2021-07-29 06:13:08.000000 	-159.000000	55.921091	-159.127701	170.344006	-0.020208	-0.015525	0.012497	0.253243	0.204320	0.374240	-0.134394	-0.013218	0.007306	0.024030	0.186157	0.181645	0.422238
2021-07-29 06:13:09.000000 	-158.000000	55.921091	-159.127701	170.344006	-0.050924	-0.012235	0.040160	0.376474	0.303753	0.556362	-0.186641	-0.020518	-0.006711	0.062368	0.276745	0.270038	0.627717
2021-07-29 06:13:10.000000 	-157.000000	55.921091	-159.127701	170.344006	-0.028513	-0.013682	0.008811	0.294409	0.237547	0.435095	-0.157578	-0.021167	0.002626	0.024957	0.216421	0.211176	0.490896
2021-07-29 06:13:11.000000 	-156.000000	55.921091	-159.127701	170.344006	-0.037141	-0.008665	0.006027	0.328734	0.265250	0.485834	-0.176580	-0.027924	-0.005137	0.026167	0.241655	0.235800	0.548142
2021-07-29 06:13:12.000000 	-155.000000	55.921091	-159.127701	170.344006	-0.029093	-0.021837	0.023477	0.353946	0.285603	0.523108	-0.185236	-0.015804	0.010038	0.039037	0.260191	0.253887	0.590195
2021-07-29 06:13:13.000000 	-154.000000	55.921091	-159.127701	170.344006	-0.034511	-0.006611	0.020543	0.296055	0.238897	0.437559	-0.153020	-0.017148	-0.006119	0.036403	0.217636	0.212364	0.493674
2021-07-29 06:13:14.000000 	-153.000000	55.921091	-159.127701	170.344006	-0.028841	-0.013991	-0.002504	0.318276	0.256836	0.470413	-0.175585	-0.027852	0.002797	0.015819	0.233973	0.228306	0.530740
2021-07-29 06:13:15.000000 	-152.000000	55.921091	-159.127701	170.344006	-0.039408	-0.018065	0.007908	0.383388	0.309388	0.566662	-0.205885	-0.031398	0.002839	0.030788	0.281842	0.275016	0.639332
2021-07-29 06:13:16.000000 	-151.000000	55.921091	-159.127701	170.344006	-0.031685	-0.002701	0.031767	0.255092	0.205861	0.377044	-0.125976	-0.007518	-0.008765	0.043440	0.187528	0.182987	0.425396
2021-07-29 06:13:17.000000 	-150.000000	55.921091	-159.127701	170.344006	-0.036521	-0.019923	0.027113	0.388937	0.313886	0.574892	-0.202283	-0.018951	0.005604	0.045555	0.285925	0.279002	0.648615
2021-07-29 06:13:18.000000 	-149.000000	55.921091	-159.127701	170.344006	-0.036089	-0.017359	0.007632	0.277523	0.223977	0.410219	-0.145564	-0.028776	0.003361	0.028682	0.204021	0.199082	0.462824
2021-07-29 06:13:19.000000 	-148.000000	55.921091	-159.127701	170.344006	-0.021583	-0.008160	0.001123	0.321522	0.259495	0.475266	-0.178810	-0.018482	-0.000065	0.013859	0.236369	0.230647	0.536212
2021-07-29 06:13:20.000000 	-147.000000	55.921091	-159.127701	170.344006	-0.037089	-0.016631	0.011064	0.317851	0.256540	0.469853	-0.167497	-0.027411	0.002325	0.031903	0.233673	0.228017	0.530103
2021-07-29 06:13:21.000000 	-146.000000	55.921091	-159.127701	170.344006	-0.033947	-0.016567	0.010736	0.324312	0.261763	0.479415	-0.172297	-0.025145	0.003385	0.029974	0.238424	0.232654	0.540890
2021-07-29 06:13:22.000000 	-145.000000	55.921091	-159.127701	170.344006	-0.039226	-0.013899	0.013339	0.335654	0.270926	0.496192	-0.176649	-0.026984	-0.000989	0.034360	0.246764	0.240793	0.559818
2021-07-29 06:13:23.000000 	-144.000000	55.921091	-159.127701	170.344006	-0.034346	-0.010061	0.023718	0.292017	0.235711	0.431694	-0.149146	-0.016260	-0.002836	0.039636	0.214685	0.209491	0.487049
2021-07-29 06:13:24.000000 	-143.000000	55.921091	-159.127701	170.344006	-0.041682	-0.006584	0.035052	0.299519	0.241774	0.442795	-0.147231	-0.014560	-0.008699	0.052170	0.220202	0.214875	0.499572
2021-07-29 06:13:25.000000 	-142.000000	55.921091	-159.127701	170.344006	-0.028082	-0.017661	0.005919	0.359436	0.290148	0.531386	-0.196039	-0.023628	0.006496	0.023131	0.264255	0.257863	0.599522
2021-07-29 06:13:26.000000 	-141.000000	55.921091	-159.127701	170.344006	-0.037872	-0.013235	-0.003667	0.287240	0.231877	0.424663	-0.155355	-0.035271	-0.001127	0.019433	0.211179	0.206072	0.479114
2021-07-29 06:13:27.000000 	-140.000000	55.921091	-159.127701	170.344006	-0.023536	-0.023974	0.020382	0.300463	0.242558	0.444223	-0.156696	-0.013869	0.014015	0.033990	0.220902	0.215561	0.501181
2021-07-29 06:13:28.000000 	-139.000000	55.921091	-159.127701	170.344006	-0.029884	-0.005967	0.000098	0.326530	0.263610	0.482772	-0.179983	-0.024834	-0.005072	0.016918	0.240069	0.234264	0.544672
2021-07-29 06:13:29.000000 	-138.000000	55.921091	-159.127701	170.344006	-0.047169	-0.022390	0.042842	0.342129	0.276212	0.505848	-0.165658	-0.019106	0.004115	0.064650	0.251540	0.245459	0.570706
2021-07-29 06:13:30.000000 	-137.000000	55.921091	-159.127701	170.344006	-0.035927	-0.011180	0.004272	0.317948	0.256697	0.470106	-0.171096	-0.028710	-0.002354	0.024580	0.233763	0.228113	0.530381
2021-07-29 06:13:31.000000 	-136.000000	55.921091	-159.127701	170.344006	-0.021717	-0.000303	0.012136	0.246863	0.199312	0.365011	-0.132068	-0.010096	-0.007454	0.021482	0.181501	0.177114	0.411810
2021-07-29 06:13:32.000000 	-135.000000	55.921091	-159.127701	170.344006	-0.044449	-0.022954	0.028044	0.335924	0.271227	0.496709	-0.168579	-0.025460	0.005611	0.051082	0.246984	0.241016	0.560392
2021-07-29 06:13:33.000000 	-134.000000	55.921091	-159.127701	170.344006	-0.042295	-0.024565	0.020961	0.388551	0.313728	0.574537	-0.202301	-0.028237	0.007884	0.044409	0.285680	0.278777	0.648198
2021-07-29 06:13:34.000000 	-133.000000	55.921091	-159.127701	170.344006	-0.018513	-0.002029	-0.003108	0.283186	0.228660	0.418748	-0.159749	-0.016668	-0.004700	0.007523	0.208213	0.203182	0.472434
2021-07-29 06:13:35.000000 	-132.000000	55.921091	-159.127701	170.344006	-0.036508	-0.011724	0.029289	0.298232	0.240817	0.441007	-0.149776	-0.015302	-0.002053	0.045714	0.219277	0.213980	0.497546
2021-07-29 06:13:36.000000 	-131.000000	55.921091	-159.127701	170.344006	-0.028433	-0.014796	0.001877	0.347398	0.280526	0.513722	-0.190863	-0.025319	0.003695	0.019395	0.255429	0.249260	0.579583
2021-07-29 06:13:37.000000 	-130.000000	55.921091	-159.127701	170.344006	-0.035788	-0.014566	0.016750	0.293129	0.236711	0.433482	-0.151607	-0.022610	0.000860	0.035518	0.215530	0.210324	0.489054
2021-07-29 06:13:38.000000 	-129.000000	55.921091	-159.127701	170.344006	-0.040917	-0.012502	0.025250	0.315477	0.254766	0.466540	-0.160013	-0.021207	-0.002897	0.044833	0.231963	0.226362	0.526350
2021-07-29 06:13:39.000000 	-128.000000	55.921091	-159.127701	170.344006	-0.041826	-0.020615	0.020170	0.334282	0.269960	0.494362	-0.171720	-0.027151	0.004360	0.042720	0.245792	0.239858	0.557737
2021-07-29 06:13:40.000000 	-127.000000	55.921091	-159.127701	170.344006	-0.015200	-0.005280	0.001437	0.331895	0.268041	0.490844	-0.186756	-0.012517	-0.000482	0.010203	0.244040	0.238148	0.553767
2021-07-29 06:13:41.000000 	-126.000000	55.921091	-159.127701	170.344006	-0.043620	-0.024717	0.009496	0.257482	0.207951	0.380802	-0.129912	-0.035731	0.007554	0.035638	0.189326	0.184756	0.429618
2021-07-29 06:13:42.000000 	-125.000000	55.921091	-159.127701	170.344006	-0.036132	-0.005408	0.012878	0.381183	0.307866	0.563762	-0.205031	-0.022343	-0.007820	0.030664	0.280286	0.273521	0.636031
2021-07-29 06:13:43.000000 	-124.000000	55.921091	-159.127701	170.344006	-0.032130	-0.013077	0.011446	0.334326	0.270029	0.494473	-0.178778	-0.022311	0.000771	0.028913	0.245834	0.239901	0.557858
2021-07-29 06:13:44.000000 	-123.000000	55.921091	-159.127701	170.344006	-0.031314	-0.017574	0.020800	0.314253	0.253825	0.464796	-0.163231	-0.017766	0.005264	0.037131	0.231076	0.225500	0.524377
2021-07-29 06:13:45.000000 	-122.000000	55.921091	-159.127701	170.344006	-0.040155	-0.012048	0.037021	0.310003	0.250400	0.458519	-0.152471	-0.013888	-0.003050	0.054092	0.227953	0.222453	0.517295
2021-07-29 06:13:46.000000 	-121.000000	55.921091	-159.127701	170.344006	-0.038731	-0.012501	0.000457	0.336818	0.272068	0.498193	-0.182522	-0.033407	-0.002119	0.023152	0.247673	0.241698	0.562053
2021-07-29 06:13:47.000000 	-120.000000	55.921091	-159.127701	170.344006	-0.023131	-0.018593	0.010381	0.273415	0.220861	0.404422	-0.145753	-0.017571	0.009131	0.024421	0.201053	0.196203	0.456262
2021-07-29 06:13:48.000000 	-119.000000	55.921091	-159.127701	170.344006	-0.034734	-0.012838	0.012868	0.346078	0.279565	0.511913	-0.184331	-0.023459	-0.000380	0.031406	0.254487	0.248349	0.577529
2021-07-29 06:13:49.000000 	-118.000000	55.921091	-159.127701	170.344006	-0.031316	-0.009449	0.013577	0.306765	0.247816	0.453773	-0.162611	-0.019416	-0.002329	0.029528	0.225581	0.220141	0.511936
2021-07-29 06:13:50.000000 	-117.000000	55.921091	-159.127701	170.344006	-0.039811	-0.013831	0.022057	0.332939	0.268968	0.492501	-0.171587	-0.022533	-0.001261	0.041873	0.244830	0.238927	0.555627
2021-07-29 06:13:51.000000 	-116.000000	55.921091	-159.127701	170.344006	-0.036378	-0.014096	0.023304	0.282616	0.228321	0.418070	-0.142862	-0.019256	0.000210	0.041162	0.207827	0.202816	0.471655
2021-07-29 06:13:52.000000 	-115.000000	55.921091	-159.127701	170.344006	-0.037027	-0.008241	0.023439	0.304497	0.246006	0.450448	-0.155935	-0.017954	-0.005492	0.040445	0.223919	0.218521	0.508183
2021-07-29 06:13:53.000000 	-114.000000	55.921091	-159.127701	170.344006	-0.037852	-0.018799	0.014546	0.338702	0.273650	0.501061	-0.177836	-0.026691	0.004079	0.035619	0.249076	0.243072	0.565281
2021-07-29 06:13:54.000000 	-113.000000	55.921091	-159.127701	170.344006	-0.019627	-0.010777	-0.005519	0.321617	0.259855	0.475797	-0.181696	-0.021462	0.003077	0.007856	0.236514	0.230814	0.536779
2021-07-29 06:13:55.000000 	-112.000000	55.921091	-159.127701	170.344006	-0.044028	-0.018143	0.019255	0.299423	0.241930	0.442973	-0.151455	-0.028639	0.001266	0.042622	0.220194	0.214888	0.499746
2021-07-29 06:13:56.000000 	-111.000000	55.921091	-159.127701	170.344006	-0.028292	-0.012600	0.016144	0.358667	0.289808	0.530632	-0.192198	-0.016568	0.001693	0.030700	0.263765	0.257410	0.598639
2021-07-29 06:13:57.000000 	-110.000000	55.921091	-159.127701	170.344006	-0.029110	-0.017599	0.009987	0.304474	0.246026	0.450466	-0.162379	-0.022126	0.006073	0.027026	0.223913	0.218519	0.508198
2021-07-29 06:13:58.000000 	-109.000000	55.921091	-159.127701	170.344006	-0.042066	-0.011880	0.019483	0.273903	0.221331	0.405245	-0.137814	-0.025144	-0.003887	0.040534	0.201433	0.196581	0.457181
2021-07-29 06:13:59.000000 	-108.000000	55.921091	-159.127701	170.344006	-0.032227	-0.015842	0.016358	0.364217	0.294320	0.538880	-0.193884	-0.020450	0.003320	0.033584	0.267855	0.261403	0.607941
2021-07-29 06:14:00.000000 	-107.000000	55.921091	-159.127701	170.344006	-0.024652	-0.008930	0.019966	0.294094	0.237662	0.435139	-0.154703	-0.010526	-0.000439	0.031227	0.216287	0.211078	0.490904
2021-07-29 06:14:01.000000 	-106.000000	55.921091	-159.127701	170.344006	-0.028523	-0.019568	0.000434	0.328640	0.265587	0.486263	-0.179961	-0.027606	0.008121	0.019199	0.241695	0.235875	0.548579
2021-07-29 06:14:02.000000 	-105.000000	55.921091	-159.127701	170.344006	-0.051218	-0.009585	0.032918	0.279192	0.225634	0.413109	-0.133106	-0.024021	-0.009292	0.055994	0.205332	0.200388	0.466050
2021-07-29 06:14:03.000000 	-104.000000	55.921091	-159.127701	170.344006	-0.029195	-0.011383	0.006180	0.349814	0.282717	0.517617	-0.190826	-0.022490	0.000234	0.022677	0.257273	0.251079	0.583948
2021-07-29 06:14:04.000000 	-103.000000	55.921091	-159.127701	170.344006	-0.027179	-0.028850	0.015127	0.310849	0.251234	0.459972	-0.163164	-0.021072	0.017273	0.032519	0.228618	0.223115	0.518916
2021-07-29 06:14:05.000000 	-102.000000	55.921091	-159.127701	170.344006	-0.037443	-0.001922	0.023559	0.333376	0.269449	0.493315	-0.173127	-0.016344	-0.011544	0.039501	0.245188	0.239287	0.556531
2021-07-29 06:14:06.000000 	-101.000000	55.921091	-159.127701	170.344006	-0.046920	-0.013349	0.026858	0.321375	0.259757	0.475568	-0.160978	-0.025202	-0.004244	0.049476	0.236364	0.230676	0.536508
2021-07-29 06:14:07.000000 	-100.000000	55.921091	-159.127701	170.344006	-0.022483	-0.011808	0.010487	0.288825	0.233456	0.427410	-0.155663	-0.015008	0.003022	0.022815	0.212427	0.207315	0.482179
2021-07-29 06:14:08.000000 	-99.000000	55.921091	-159.127701	170.344006	-0.037095	-0.012582	0.015825	0.376960	0.304705	0.557848	-0.200477	-0.023555	-0.001460	0.035041	0.277252	0.270581	0.629329
2021-07-29 06:14:09.000000 	-98.000000	55.921091	-159.127701	170.344006	-0.035449	-0.021185	0.005892	0.265655	0.214741	0.393141	-0.139063	-0.030384	0.007164	0.027670	0.195390	0.190689	0.443516
2021-07-29 06:14:10.000000 	-97.000000	55.921091	-159.127701	170.344006	-0.020923	-0.010016	0.011743	0.370798	0.299743	0.548754	-0.203239	-0.012568	0.001904	0.022680	0.272726	0.266165	0.619068
2021-07-29 06:14:11.000000 	-96.000000	55.921091	-159.127701	170.344006	-0.043855	-0.015073	0.025538	0.298451	0.241267	0.441695	-0.148900	-0.024078	-0.001541	0.047122	0.219516	0.214236	0.498290
2021-07-29 06:14:12.000000 	-95.000000	55.921091	-159.127701	170.344006	-0.035006	-0.006255	0.021601	0.274043	0.221543	0.405582	-0.139785	-0.016833	-0.006628	0.037468	0.201566	0.196718	0.457549
2021-07-29 06:14:13.000000 	-94.000000	55.921091	-159.127701	170.344006	-0.022835	-0.011040	0.009082	0.349354	0.282435	0.517053	-0.191252	-0.015841	0.002180	0.021682	0.256962	0.250783	0.583302
2021-07-29 06:14:14.000000 	-93.000000	55.921091	-159.127701	170.344006	-0.033977	-0.015214	0.024926	0.322391	0.260645	0.477157	-0.165898	-0.016818	0.002110	0.041472	0.237132	0.231430	0.538293
2021-07-29 06:14:15.000000 	-92.000000	55.921091	-159.127701	170.344006	-0.042151	-0.019660	0.014338	0.322474	0.260721	0.477292	-0.167149	-0.030389	0.003352	0.037869	0.237196	0.231493	0.538444
2021-07-29 06:14:16.000000 	-91.000000	55.921091	-159.127701	170.344006	-0.026419	-0.013225	-0.011761	0.309715	0.250413	0.458416	-0.174937	-0.030939	0.002944	0.006731	0.227813	0.222336	0.517149
2021-07-29 06:14:17.000000 	-90.000000	55.921091	-159.127701	170.344006	-0.033226	-0.014186	0.031308	0.339079	0.274163	0.501890	-0.173371	-0.012357	0.001417	0.046159	0.249415	0.243420	0.566192
2021-07-29 06:14:18.000000 	-89.000000	55.921091	-159.127701	170.344006	-0.030108	-0.014870	0.008774	0.311533	0.251899	0.461128	-0.167009	-0.022773	0.003167	0.025999	0.229155	0.223648	0.520206
2021-07-29 06:14:19.000000 	-88.000000	55.921091	-159.127701	170.344006	-0.038203	-0.007004	0.033704	0.318889	0.257856	0.472027	-0.160047	-0.012748	-0.007067	0.049316	0.234569	0.228932	0.532501
2021-07-29 06:14:20.000000 	-87.000000	55.921091	-159.127701	170.344006	-0.027903	-0.007156	0.008538	0.317278	0.256561	0.469653	-0.171907	-0.018922	-0.003255	0.023109	0.233386	0.227779	0.529821
2021-07-29 06:14:21.000000 	-86.000000	55.921091	-159.127701	170.344006	-0.041678	-0.017245	0.025364	0.348371	0.281713	0.515690	-0.178389	-0.023132	0.001264	0.046272	0.256261	0.250104	0.581755
2021-07-29 06:14:22.000000 	-85.000000	55.921091	-159.127701	170.344006	-0.027614	-0.010330	-0.014785	0.305435	0.247001	0.452142	-0.173556	-0.032704	-0.000187	0.004274	0.224680	0.219283	0.510065
2021-07-29 06:14:23.000000 	-84.000000	55.921091	-159.127701	170.344006	-0.037099	-0.013098	0.033380	0.288754	0.233518	0.427458	-0.142400	-0.013873	-0.000979	0.049686	0.212411	0.207310	0.482218
2021-07-29 06:14:24.000000 	-83.000000	55.921091	-159.127701	170.344006	-0.030864	-0.020449	0.004073	0.338176	0.273495	0.500631	-0.183377	-0.027638	0.008111	0.023615	0.248770	0.242795	0.564764
2021-07-29 06:14:25.000000 	-82.000000	55.921091	-159.127701	170.344006	-0.026282	-0.011463	0.016639	0.394096	0.318730	0.583428	-0.213231	-0.014400	0.001347	0.029830	0.289909	0.282947	0.658166
2021-07-29 06:14:26.000000 	-81.000000	55.921091	-159.127701	170.344006	-0.043257	-0.011008	0.020098	0.268237	0.216947	0.397112	-0.134036	-0.025464	-0.005126	0.041493	0.197326	0.192588	0.447982
2021-07-29 06:14:27.000000 	-80.000000	55.921091	-159.127701	170.344006	-0.028835	-0.010645	0.022811	0.327503	0.264889	0.484863	-0.171638	-0.012675	-0.000327	0.036116	0.240926	0.235142	0.546972
2021-07-29 06:14:28.000000 	-79.000000	55.921091	-159.127701	170.344006	-0.040285	-0.013929	0.024334	0.277724	0.224634	0.411175	-0.138530	-0.021653	-0.001338	0.044027	0.204309	0.199405	0.463844
2021-07-29 06:14:29.000000 	-78.000000	55.921091	-159.127701	170.344006	-0.035910	-0.013735	0.022268	0.357080	0.288830	0.528676	-0.186696	-0.019367	0.000039	0.039987	0.262691	0.256386	0.596395
2021-07-29 06:14:30.000000 	-77.000000	55.921091	-159.127701	170.344006	-0.018539	-0.006378	-0.009431	0.275384	0.222756	0.407729	-0.157233	-0.021514	-0.000646	0.003168	0.202592	0.197730	0.459955
2021-07-29 06:14:31.000000 	-76.000000	55.921091	-159.127701	170.344006	-0.046408	-0.023205	0.016583	0.360560	0.291664	0.533851	-0.186777	-0.033471	0.005148	0.042665	0.265257	0.258892	0.602231
2021-07-29 06:14:32.000000 	-75.000000	55.921091	-159.127701	170.344006	-0.020618	-0.011011	0.009833	0.307851	0.249035	0.455819	-0.167570	-0.013696	0.002942	0.021137	0.226483	0.221048	0.514203
2021-07-29 06:14:33.000000 	-74.000000	55.921091	-159.127701	170.344006	-0.036170	-0.012175	0.024326	0.266228	0.215371	0.394198	-0.133267	-0.017955	-0.001511	0.041516	0.195863	0.191164	0.444689
2021-07-29 06:14:34.000000 	-73.000000	55.921091	-159.127701	170.344006	-0.037115	-0.002933	0.019630	0.391555	0.316767	0.579781	-0.208457	-0.018590	-0.010483	0.036276	0.288070	0.281159	0.654040
2021-07-29 06:14:35.000000 	-72.000000	55.921091	-159.127701	170.344006	-0.035219	-0.017268	0.033158	0.272225	0.220237	0.403096	-0.132981	-0.013773	0.003587	0.049351	0.200280	0.195476	0.454724
2021-07-29 06:14:36.000000 	-71.000000	55.921091	-159.127701	170.344006	-0.014586	-0.012180	-0.019924	0.332511	0.269018	0.492374	-0.194727	-0.026046	0.006184	-0.006434	0.244636	0.238769	0.555436
2021-07-29 06:14:37.000000 	-70.000000	55.921091	-159.127701	170.344006	-0.036994	-0.011461	0.018104	0.312759	0.253046	0.463137	-0.162550	-0.021868	-0.002472	0.036652	0.230107	0.224589	0.522453
2021-07-29 06:14:38.000000 	-69.000000	55.921091	-159.127701	170.344006	-0.039337	-0.020311	0.026972	0.335344	0.271328	0.496592	-0.170550	-0.021324	0.004963	0.046990	0.246727	0.240811	0.560192
2021-07-29 06:14:39.000000 	-68.000000	55.921091	-159.127701	170.344006	-0.033528	-0.005188	0.017609	0.349362	0.282679	0.517361	-0.185607	-0.017612	-0.007098	0.033175	0.257043	0.250880	0.583619
2021-07-29 06:14:40.000000 	-67.000000	55.921091	-159.127701	170.344006	-0.028015	-0.001735	0.015211	0.302413	0.244699	0.447845	-0.161222	-0.013670	-0.008360	0.027613	0.222503	0.217169	0.505199
2021-07-29 06:14:41.000000 	-66.000000	55.921091	-159.127701	170.344006	-0.044016	-0.020939	0.035840	0.348600	0.282081	0.516254	-0.173366	-0.020161	0.003882	0.056910	0.256488	0.250340	0.582369
2021-07-29 06:14:42.000000 	-65.000000	55.921091	-159.127701	170.344006	-0.027512	-0.011751	-0.006123	0.289841	0.234542	0.429246	-0.161193	-0.028191	0.001177	0.011679	0.213258	0.208147	0.484216
2021-07-29 06:14:43.000000 	-64.000000	55.921091	-159.127701	170.344006	-0.029647	-0.013075	0.006932	0.338879	0.274233	0.501880	-0.183952	-0.022918	0.001654	0.023874	0.249342	0.243367	0.566151
2021-07-29 06:14:44.000000 	-63.000000	55.921091	-159.127701	170.344006	-0.037841	-0.016902	0.024574	0.319055	0.258199	0.472531	-0.162862	-0.020504	0.002311	0.043540	0.234759	0.229134	0.533043
2021-07-29 06:14:45.000000 	-62.000000	55.921091	-159.127701	170.344006	-0.040092	-0.012322	0.023881	0.299415	0.242313	0.443453	-0.151571	-0.021283	-0.002771	0.043231	0.220311	0.215032	0.500240
2021-07-29 06:14:46.000000 	-61.000000	55.921091	-159.127701	170.344006	-0.028274	-0.011566	0.004591	0.347863	0.281531	0.515219	-0.190620	-0.022722	0.000733	0.020915	0.255962	0.249830	0.581195
2021-07-29 06:14:47.000000 	-60.000000	55.921091	-159.127701	170.344006	-0.039501	-0.006991	0.030026	0.282551	0.228680	0.418494	-0.140072	-0.015809	-0.007541	0.046947	0.207907	0.202927	0.472083
2021-07-29 06:14:48.000000 	-59.000000	55.921091	-159.127701	170.344006	-0.026110	-0.018723	0.023821	0.334571	0.270791	0.495553	-0.175200	-0.012384	0.008191	0.037138	0.246187	0.240291	0.559008
2021-07-29 06:14:49.000000 	-58.000000	55.921091	-159.127701	170.344006	-0.037229	-0.004366	-0.003517	0.308432	0.249643	0.456847	-0.168896	-0.032072	-0.009185	0.017450	0.226957	0.221521	0.515345
2021-07-29 06:14:50.000000 	-57.000000	55.921091	-159.127701	170.344006	-0.024952	-0.009685	0.027955	0.329174	0.266441	0.487581	-0.171744	-0.006505	0.000160	0.038151	0.242222	0.236422	0.550013
2021-07-29 06:14:51.000000 	-56.000000	55.921091	-159.127701	170.344006	-0.034001	-0.018142	-0.000361	0.421293	0.341015	0.624043	-0.232725	-0.031870	0.004837	0.021124	0.310012	0.302589	0.703947
2021-07-29 06:14:52.000000 	-55.000000	55.921091	-159.127701	170.344006	-0.033523	-0.009648	0.019514	0.221001	0.178895	0.327366	-0.109918	-0.017857	-0.002929	0.035641	0.162627	0.158734	0.369282
2021-07-29 06:14:53.000000 	-54.000000	55.921091	-159.127701	170.344006	-0.032494	-0.019854	-0.001373	0.347251	0.281100	0.514389	-0.190358	-0.031776	0.006974	0.019838	0.255534	0.249417	0.580250
2021-07-29 06:14:54.000000 	-53.000000	55.921091	-159.127701	170.344006	-0.049772	-0.014256	0.046548	0.266638	0.215851	0.394985	-0.120473	-0.016644	-0.004413	0.067459	0.196216	0.191519	0.445557
2021-07-29 06:14:55.000000 	-52.000000	55.921091	-159.127701	170.344006	-0.031337	-0.007972	0.014253	0.306682	0.248276	0.454313	-0.162547	-0.018618	-0.003716	0.029804	0.225686	0.220284	0.512480
2021-07-29 06:14:56.000000 	-51.000000	55.921091	-159.127701	170.344006	-0.033725	-0.022550	0.027058	0.351905	0.284896	0.521317	-0.181463	-0.017593	0.009054	0.044570	0.258969	0.252771	0.588062
2021-07-29 06:14:57.000000 	-50.000000	55.921091	-159.127701	170.344006	-0.034606	-0.002845	0.008332	0.328584	0.266024	0.486779	-0.177091	-0.022953	-0.009671	0.025587	0.241810	0.236024	0.549101
2021-07-29 06:14:58.000000 	-49.000000	55.921091	-159.127701	170.344006	-0.019864	-0.014992	0.003339	0.334647	0.270942	0.495772	-0.185398	-0.017926	0.006931	0.016159	0.246275	0.240383	0.559244
2021-07-29 06:14:59.000000 	-48.000000	55.921091	-159.127701	170.344006	-0.040960	-0.011312	0.011436	0.308366	0.249672	0.456847	-0.161418	-0.028629	-0.004023	0.033176	0.226937	0.221508	0.515334
2021-07-29 06:15:00.000000 	-47.000000	55.921091	-159.127701	170.344006	-0.036543	-0.021107	0.020672	0.307291	0.248810	0.455264	-0.157448	-0.022926	0.006702	0.040468	0.226149	0.220739	0.513547
2021-07-29 06:15:01.000000 	-46.000000	55.921091	-159.127701	170.344006	-0.038136	0.000668	0.023863	0.291164	0.235760	0.431381	-0.148600	-0.015945	-0.014211	0.039598	0.214283	0.209158	0.486605
2021-07-29 06:15:02.000000 	-45.000000	55.921091	-159.127701	170.344006	-0.029056	-0.016123	0.023271	0.350859	0.284106	0.519834	-0.184393	-0.014205	0.004712	0.037706	0.258219	0.252043	0.586381
2021-07-29 06:15:03.000000 	-44.000000	55.921091	-159.127701	170.344006	-0.033712	-0.009560	0.024195	0.277684	0.224860	0.411426	-0.141007	-0.015354	-0.003078	0.039599	0.204367	0.199480	0.464094
2021-07-29 06:15:04.000000 	-43.000000	55.921091	-159.127701	170.344006	-0.026699	-0.022842	0.001473	0.346278	0.280415	0.513068	-0.190011	-0.026578	0.011831	0.019758	0.254854	0.248761	0.578747
2021-07-29 06:15:05.000000 	-42.000000	55.921091	-159.127701	170.344006	-0.035212	-0.017916	0.015849	0.272720	0.220855	0.404088	-0.139990	-0.023657	0.004195	0.035140	0.200719	0.195920	0.455814
2021-07-29 06:15:06.000000 	-41.000000	55.921091	-159.127701	170.344006	-0.028951	-0.010504	0.007235	0.325182	0.263349	0.481831	-0.176420	-0.021452	-0.000500	0.023247	0.239334	0.233613	0.543509
2021-07-29 06:15:07.000000 	-40.000000	55.921091	-159.127701	170.344006	-0.044279	-0.010486	0.021404	0.355863	0.288206	0.527303	-0.184323	-0.025370	-0.005978	0.043004	0.261919	0.255658	0.594800
2021-07-29 06:15:08.000000 	-39.000000	55.921091	-159.127701	170.344006	-0.027508	-0.005309	0.024313	0.273365	0.221399	0.405069	-0.140641	-0.009232	-0.004840	0.035600	0.201202	0.196393	0.456918
2021-07-29 06:15:09.000000 	-38.000000	55.921091	-159.127701	170.344006	-0.040694	-0.020361	0.020979	0.335305	0.271574	0.496861	-0.172514	-0.025747	0.004526	0.042746	0.246794	0.240896	0.560459
2021-07-29 06:15:10.000000 	-37.000000	55.921091	-159.127701	170.344006	-0.030306	-0.015948	0.018613	0.321859	0.260692	0.476947	-0.169105	-0.017731	0.004104	0.034468	0.236901	0.231240	0.537994
2021-07-29 06:15:11.000000 	-36.000000	55.921091	-159.127701	170.344006	-0.046743	-0.008230	0.018593	0.311314	0.252160	0.461330	-0.158974	-0.028185	-0.008964	0.041516	0.229142	0.223667	0.520377
2021-07-29 06:15:12.000000 	-35.000000	55.921091	-159.127701	170.344006	-0.027862	-0.018323	0.023484	0.316607	0.256455	0.469183	-0.164545	-0.013811	0.007194	0.037696	0.233041	0.227474	0.529235
2021-07-29 06:15:13.000000 	-34.000000	55.921091	-159.127701	170.344006	-0.028499	-0.009328	0.000973	0.342959	0.277810	0.508245	-0.189395	-0.024263	-0.001437	0.017589	0.252441	0.246411	0.573295
2021-07-29 06:15:14.000000 	-33.000000	55.921091	-159.127701	170.344006	-0.033060	-0.010561	0.018074	0.334417	0.270900	0.495597	-0.176425	-0.018575	-0.001911	0.034388	0.246157	0.240278	0.559027
2021-07-29 06:15:15.000000 	-32.000000	55.921091	-159.127701	170.344006	-0.048085	-0.022362	0.032361	0.270050	0.218766	0.400216	-0.127685	-0.025680	0.003763	0.056444	0.198781	0.194034	0.451437
2021-07-29 06:15:16.000000 	-31.000000	55.921091	-159.127701	170.344006	-0.037730	-0.004635	0.034823	0.344661	0.279217	0.510800	-0.175010	-0.011055	-0.009112	0.049522	0.253705	0.247646	0.576173
2021-07-29 06:15:17.000000 	-30.000000	55.921091	-159.127701	170.344006	-0.033564	-0.008815	0.005431	0.430047	0.348402	0.637358	0.259366	-0.025534	-0.003722	0.023831	0.316562	0.309003	0.718926
2021-07-29 06:15:18.000000 	-29.000000	55.921091	-159.127701	170.344006	-0.030524	-0.020259	0.010740	1.075648	0.871465	1.594215	-0.607993	-0.023584	0.008054	0.028921	0.791806	0.772901	1.798237
2021-07-29 06:15:19.000000 	-28.000000	55.921091	-159.127701	170.344006	-0.038554	-0.016950	0.011577	0.319912	0.259194	0.474150	-0.168213	-0.028352	0.002102	0.033158	0.235497	0.229875	0.534829
2021-07-29 06:15:20.000000 	-27.000000	55.921091	-159.127701	170.344006	-0.032676	-0.014116	0.008524	0.337758	0.273662	0.500610	-0.181785	-0.024678	0.001547	0.026986	0.248637	0.242702	0.564674
2021-07-29 06:15:21.000000 	-26.000000	55.921091	-159.127701	170.344006	-0.027060	-0.011829	0.010917	0.302153	0.244822	0.447848	-0.162066	-0.018315	0.001412	0.025571	0.222430	0.217121	0.505159
2021-07-29 06:15:22.000000 	-25.000000	55.921091	-159.127701	170.344006	-0.034796	-0.008070	0.027835	0.301607	0.244387	0.447047	-0.153331	-0.013714	-0.004857	0.042884	0.222031	0.216732	0.504254
2021-07-29 06:15:23.000000 	-24.000000	55.921091	-159.127701	170.344006	-0.038061	-0.019233	0.028517	0.335767	0.272076	0.497691	-0.170771	-0.019152	0.004410	0.047386	0.247182	0.241284	0.561377
2021-07-29 06:15:24.000000 	-23.000000	55.921091	-159.127701	170.344006	-0.043853	-0.007885	0.031708	0.289240	0.234383	0.428734	-0.141985	-0.018498	-0.008257	0.050797	0.212933	0.207852	0.483596
2021-07-29 06:15:25.000000 	-22.000000	55.921091	-159.127701	170.344006	-0.026047	-0.011427	-0.001016	0.326282	0.264409	0.483652	-0.180971	-0.024100	0.001397	0.015077	0.240206	0.234476	0.545539
2021-07-29 06:15:26.000000 	-21.000000	55.921091	-159.127701	170.344006	-0.033150	-0.012614	0.011399	0.348595	0.282500	0.516737	-0.187016	-0.022991	-0.000024	0.029316	0.256637	0.250514	0.582857
2021-07-29 06:15:27.000000 	-20.000000	55.921091	-159.127701	170.344006	-0.031023	-0.015405	0.004575	0.282700	0.229106	0.419066	-0.151650	-0.025992	0.003341	0.023107	0.208127	0.203163	0.472687
2021-07-29 06:15:28.000000 	-19.000000	55.921091	-159.127701	170.344006	-0.050563	-0.010406	0.036250	0.313769	0.254294	0.465132	-0.152228	-0.021889	-0.008292	0.058575	0.231004	0.225495	0.524646
2021-07-29 06:15:29.000000 	-18.000000	55.921091	-159.127701	170.344006	-0.025068	-0.011404	0.028882	0.334057	0.270745	0.495216	-0.174070	-0.006582	0.001724	0.039324	0.245944	0.240078	0.558578
2021-07-29 06:15:30.000000 	-17.000000	55.921091	-159.127701	170.344006	-0.029226	-0.013246	0.023916	0.306919	0.248759	0.454995	-0.159004	-0.013126	0.001964	0.037754	0.225967	0.220579	0.513210
2021-07-29 06:15:31.000000 	-16.000000	55.921091	-159.127701	170.344006	-0.044421	-0.008927	0.017112	0.333915	0.270649	0.495026	-0.173380	-0.027424	-0.007486	0.039213	0.245846	0.239984	0.558361
2021-07-29 06:15:32.000000 	-15.000000	55.921091	-159.127701	170.344006	-0.042695	-0.017490	0.016504	0.306549	0.248476	0.454466	-0.157291	-0.028955	0.001131	0.039515	0.225702	0.220321	0.512611
2021-07-29 06:15:33.000000 	-14.000000	55.921091	-159.127701	170.344006	-0.021639	-0.006730	-0.003296	0.361993	0.293427	0.536673	-0.204312	-0.020580	-0.001421	0.009943	0.266527	0.260173	0.605335
2021-07-29 06:15:34.000000 	-13.000000	55.921091	-159.127701	170.344006	-0.036360	-0.013910	0.028580	0.288923	0.234205	0.428352	-0.144646	-0.016230	0.000042	0.045485	0.212730	0.207660	0.483154
2021-07-29 06:15:35.000000 	-12.000000	55.921091	-159.127701	170.344006	-0.035026	-0.016317	0.019642	0.349309	0.283165	0.517889	-0.183317	-0.020916	0.002767	0.037865	0.257195	0.251065	0.584145
2021-07-29 06:15:36.000000 	-11.000000	55.921091	-159.127701	170.344006	-0.036854	-0.019453	0.011937	0.329953	0.267483	0.489201	-0.174153	-0.027574	0.005046	0.033066	0.242947	0.237157	0.551785
2021-07-29 06:15:37.000000 	-10.000000	55.921091	-159.127701	170.344006	-0.034427	-0.009803	0.023793	0.282703	0.229187	0.419156	-0.143911	-0.016205	-0.003106	0.039688	0.208160	0.203199	0.472778
2021-07-29 06:15:38.000000 	-9.000000	55.921091	-159.127701	170.344006	-0.046974	-0.004473	0.033549	0.336128	0.272507	0.498377	-0.167948	-0.018875	-0.012557	0.053274	0.247501	0.241604	0.562132
2021-07-29 06:15:39.000000 	-8.000000	55.921091	-159.127701	170.344006	-0.037668	-0.008398	0.023247	0.296729	0.240573	0.439969	-0.151473	-0.018604	-0.005574	0.040653	0.218493	0.213288	0.496251
2021-07-29 06:15:40.000000 	-7.000000	55.921091	-159.127701	170.344006	-0.019643	-0.021456	-0.006705	0.315149	0.255517	0.467291	-0.177247	-0.025290	0.013050	0.009014	0.232061	0.226532	0.527067
2021-07-29 06:15:41.000000 	-6.000000	55.921091	-159.127701	170.344006	-0.044445	-0.009708	0.034066	0.352762	0.286022	0.523072	-0.177683	-0.018173	-0.006764	0.053423	0.259761	0.253573	0.589983
2021-07-29 06:15:42.000000 	-5.000000	55.921091	-159.127701	170.344006	-0.022940	-0.012737	-0.004698	0.255938	0.207524	0.379510	-0.142287	-0.024145	0.003728	0.010662	0.188466	0.183977	0.428056
2021-07-29 06:15:43.000000 	-4.000000	55.921091	-159.127701	170.344006	-0.036260	-0.007803	0.021695	0.350943	0.284567	0.520395	-0.184034	-0.018208	-0.005628	0.038511	0.258429	0.252274	0.586960
2021-07-29 06:15:44.000000 	-3.000000	55.921091	-159.127701	170.344006	-0.049414	-0.014959	0.037932	0.354687	0.287613	0.525958	-0.175311	-0.021402	-0.003628	0.060275	0.261190	0.254970	0.593233
2021-07-29 06:15:45.000000 	-2.000000	55.921091	-159.127701	170.344006	-0.023279	-0.007140	0.011634	0.272250	0.220772	0.403721	-0.146061	-0.013604	-0.001623	0.023250	0.200486	0.195713	0.455360
2021-07-29 06:15:46.000000 	-1.000000	55.921091	-159.127701	170.344006	-0.042893	-0.019481	0.016683	0.360739	0.292540	0.534953	-0.188494	-0.029596	0.002920	0.040164	0.265654	0.259329	0.603376
2021-07-29 06:15:47.000000 	0.000000	55.921091	-159.127701	170.344006	-0.025526	-0.009893	-0.007073	0.367114	0.297720	0.544418	-0.207325	-0.026638	0.000150	0.009481	0.270353	0.263917	0.614050
2021-07-29 06:15:48.000000 	1.000000	55.921091	-159.127701	170.344006	-0.042736	-0.014136	0.029486	0.259719	0.210632	0.385162	-0.125415	-0.020723	-0.002017	0.049619	0.191267	0.186714	0.434424
2021-07-29 06:15:49.000000 	2.000000	55.921091	-159.127701	170.344006	-0.037156	-0.019715	0.022464	0.346587	0.281092	0.513997	-0.179679	-0.021986	0.005183	0.041996	0.255244	0.249169	0.579735
2021-07-29 06:15:50.000000 	3.000000	55.921091	-159.127701	170.344006	-0.039326	-0.002332	0.029273	0.299923	0.243255	0.444803	-0.151054	-0.014720	-0.011832	0.045301	0.220882	0.215625	0.501690
2021-07-29 06:15:51.000000 	4.000000	55.921091	-159.127701	170.344006	-0.027033	-0.007623	0.018713	0.317533	0.257546	0.470928	-0.168457	-0.012685	-0.002509	0.031175	0.233855	0.228290	0.531156
2021-07-29 06:15:52.000000 	5.000000	55.921091	-159.127701	170.344006	-0.044187	-0.016517	0.025037	0.310307	0.251695	0.460221	-0.155918	-0.025042	-0.000310	0.047169	0.228537	0.223099	0.519078
2021-07-29 06:15:53.000000 	6.000000	55.921091	-159.127701	170.344006	-0.031659	-0.012098	0.000563	0.339737	0.275575	0.503878	-0.186559	-0.027755	0.000024	0.019457	0.250215	0.244262	0.568317
2021-07-29 06:15:54.000000 	7.000000	55.921091	-159.127701	170.344006	-0.034523	-0.017773	0.021929	0.273906	0.222185	0.406250	-0.138649	-0.019675	0.004307	0.039787	0.201734	0.196935	0.458203
2021-07-29 06:15:55.000000 	8.000000	55.921091	-159.127701	170.344006	-0.029747	-0.009894	0.010550	0.360486	0.292426	0.534673	-0.195568	-0.020030	-0.001354	0.026288	0.265505	0.259189	0.603048
2021-07-29 06:15:56.000000 	9.000000	55.921091	-159.127701	170.344006	-0.035930	-0.009696	0.027489	0.298914	0.242487	0.443358	-0.151490	-0.015265	-0.003742	0.043516	0.220159	0.214923	0.500054
2021-07-29 06:15:57.000000 	10.000000	55.921091	-159.127701	170.344006	-0.039035	-0.022568	0.013585	0.279966	0.227124	0.415263	-0.143442	-0.029257	0.007179	0.036194	0.206207	0.201303	0.468365
2021-07-29 06:15:58.000000 	11.000000	55.921091	-159.127701	170.344006	-0.034700	-0.007453	0.029994	0.365980	0.296913	0.542854	-0.189993	-0.012247	-0.005399	0.044499	0.269564	0.263153	0.612270
2021-07-29 06:15:59.000000 	12.000000	55.921091	-159.127701	170.344006	-0.022912	-0.005672	0.009579	0.296148	0.240267	0.439281	-0.160998	-0.014038	-0.002864	0.021062	0.218132	0.212945	0.495451
2021-07-29 06:16:00.000000 	13.000000	55.921091	-159.127701	170.344006	-0.038473	-0.019835	0.020093	0.357173	0.289788	0.529811	-0.186387	-0.024369	0.004826	0.040745	0.263085	0.256830	0.597556
2021-07-29 06:16:01.000000 	14.000000	55.921091	-159.127701	170.344006	-0.035659	-0.005658	0.002703	0.288057	0.233720	0.427297	-0.155211	-0.027752	-0.007418	0.022038	0.212180	0.207135	0.481933
2021-07-29 06:16:02.000000 	15.000000	55.921091	-159.127701	170.344006	-0.041379	-0.014344	0.039829	0.325217	0.263879	0.482428	-0.159855	-0.013939	-0.001340	0.057517	0.239555	0.233860	0.544112
2021-07-29 06:16:03.000000 	16.000000	55.921091	-159.127701	170.344006	-0.032388	-0.018586	0.005585	0.358807	0.291144	0.532266	-0.194794	-0.027420	0.005827	0.025294	0.264301	0.258019	0.600321
2021-07-29 06:16:04.000000 	17.000000	55.921091	-159.127701	170.344006	-0.035261	-0.007104	0.015224	0.273831	0.222200	0.406217	-0.142163	-0.020855	-0.005925	0.032489	0.201710	0.196916	0.458154
2021-07-29 06:16:05.000000 	18.000000	55.921091	-159.127701	170.344006	-0.046138	-0.020407	0.040495	0.315779	0.256248	0.468455	-0.152080	-0.019038	0.002629	0.061771	0.232614	0.227086	0.528349
2021-07-29 06:16:06.000000 	19.000000	55.921091	-159.127701	170.344006	-0.024598	-0.013039	0.006798	0.328962	0.266955	0.488021	-0.179856	-0.019075	0.003420	0.021112	0.242329	0.236570	0.550415
2021-07-29 06:16:07.000000 	20.000000	55.921091	-159.127701	170.344006	-0.045852	-0.014222	0.030137	0.321817	0.261165	0.477430	-0.160427	-0.022796	-0.003047	0.051808	0.237069	0.231436	0.538469
2021-07-29 06:16:08.000000 	21.000000	55.921091	-159.127701	170.344006	-0.030461	-0.017910	-0.012381	0.328964	0.266975	0.488043	-0.184817	-0.035797	0.005881	0.009269	0.242338	0.236581	0.550438
2021-07-29 06:16:09.000000 	22.000000	55.921091	-159.127701	170.344006	-0.019118	-0.036020	-0.014217	0.290614	0.235860	0.431156	-0.163743	-0.033391	0.026845	0.005425	0.214090	0.209004	0.486276
2021-07-29 06:16:10.000000 	23.000000	55.921091	-159.127701	170.344006	-0.032544	-0.031272	-0.001946	0.308931	0.250735	0.458340	-0.166866	-0.035505	0.017625	0.021670	0.227588	0.222182	0.516935
2021-07-29 06:16:11.000000 	24.000000	55.921091	-159.127701	170.344006	-0.044304	-0.047520	0.023190	0.324597	0.263458	0.481591	-0.160663	-0.035316	0.028616	0.051890	0.239133	0.233452	0.543157
2021-07-29 06:16:12.000000 	25.000000	55.921091	-159.127701	170.344006	-0.027413	-0.045970	-0.015590	0.320700	0.260305	0.475819	-0.177799	-0.043517	0.033186	0.010617	0.236266	0.230654	0.536645
2021-07-29 06:16:13.000000 	26.000000	55.921091	-159.127701	170.344006	-0.061605	-0.041107	0.044554	0.323444	0.262541	0.479900	-0.147689	-0.034843	0.016460	0.077363	0.238291	0.232632	0.541246
2021-07-29 06:16:14.000000 	27.000000	55.921091	-159.127701	170.344006	-0.019208	-0.043403	-0.014300	0.333383	0.270618	0.494656	-0.187516	-0.035686	0.033711	0.006877	0.245618	0.239785	0.557888
2021-07-29 06:16:15.000000 	28.000000	55.921091	-159.127701	170.344006	-0.058934	-0.051433	0.021696	0.323548	0.262644	0.480072	-0.155535	-0.048631	0.027061	0.059094	0.238376	0.232716	0.541438
2021-07-29 06:16:16.000000 	29.000000	55.921091	-159.127701	170.344006	-0.030678	-0.050661	-0.003853	0.321558	0.261037	0.477129	-0.172290	-0.040851	0.036406	0.022985	0.236913	0.231288	0.538116
2021-07-29 06:16:17.000000 	30.000000	55.921091	-159.127701	170.344006	-0.044245	-0.063109	0.007117	0.326806	0.265307	0.484925	-0.165099	-0.048877	0.043204	0.041659	0.240784	0.235068	0.546908
2021-07-29 06:16:18.000000 	31.000000	55.921091	-159.127701	170.344006	-0.022892	-0.016034	-0.042771	0.258135	0.209566	0.383035	-0.156704	-0.046414	0.006825	-0.020239	0.190191	0.185677	0.431994
2021-07-29 06:16:19.000000 	32.000000	55.921091	-159.127701	170.344006	-0.073570	-0.002184	-0.009219	0.293193	0.238036	0.435066	-0.149719	-0.062747	-0.024172	0.031319	0.216026	0.210899	0.490674
2021-07-29 06:16:20.000000 	33.000000	55.921091	-159.127701	170.344006	-0.033059	-0.002824	-0.005357	0.323071	0.262303	0.479411	-0.179718	-0.029420	-0.009140	0.013435	0.238044	0.232395	0.540685
2021-07-29 06:16:21.000000 	34.000000	55.921091	-159.127701	170.344006	-0.024195	-0.002921	0.008214	0.298255	0.242163	0.442594	-0.162715	-0.014984	-0.005891	0.020054	0.219763	0.214548	0.499162
2021-07-29 06:16:22.000000 	35.000000	55.921091	-159.127701	170.344006	-0.015041	0.027042	0.026023	0.272261	0.221066	0.404028	-0.144864	0.010922	-0.030627	0.024030	0.200613	0.195853	0.455665
2021-07-29 06:16:23.000000 	36.000000	55.921091	-159.127701	170.344006	-0.026678	-0.017895	0.040736	0.358100	0.290773	0.531421	-0.182220	-0.003102	0.007215	0.051280	0.263867	0.257606	0.599338
2021-07-29 06:16:24.000000 	37.000000	55.921091	-159.127701	170.344006	-0.024163	0.006295	0.026274	0.330621	0.268470	0.490650	-0.175123	-0.002120	-0.014491	0.033156	0.243623	0.237843	0.553355
2021-07-29 06:16:25.000000 	38.000000	55.921091	-159.127701	170.344006	-0.052056	-0.007492	0.045221	0.357999	0.290712	0.531291	-0.174404	-0.017159	-0.011547	0.066205	0.263802	0.257544	0.599188
2021-07-29 06:16:26.000000 	39.000000	55.921091	-159.127701	170.344006	-0.077598	-0.035215	0.052047	0.318701	0.258809	0.472978	-0.137767	-0.041282	0.005257	0.090767	0.234848	0.229277	0.533422
2021-07-29 06:16:27.000000 	40.000000	55.921091	-159.127701	170.344006	-0.054990	-0.016113	0.011453	0.380452	0.308966	0.564633	-0.198783	-0.040895	-0.004536	0.041493	0.280356	0.273706	0.636788
2021-07-29 06:16:28.000000 	41.000000	55.921091	-159.127701	170.344006	-0.056330	-0.052702	0.002440	0.329697	0.267757	0.489316	-0.166737	-0.057780	0.029174	0.042034	0.242959	0.237197	0.551845
2021-07-29 06:16:29.000000 	42.000000	55.921091	-159.127701	170.344006	-0.026905	-0.053299	0.035036	0.295430	0.239936	0.438467	-0.142764	-0.016919	0.040215	0.053746	0.217710	0.212547	0.494497
2021-07-29 06:16:30.000000 	43.000000	55.921091	-159.127701	170.344006	-0.047386	-0.040683	0.005072	0.333186	0.270610	0.494513	-0.172652	-0.045836	0.021130	0.037132	0.245538	0.239716	0.557703
2021-07-29 06:16:31.000000 	44.000000	55.921091	-159.127701	170.344006	-0.032075	-0.032492	0.003001	0.307732	0.249946	0.456743	-0.164342	-0.032730	0.018932	0.025766	0.226784	0.221407	0.515105
2021-07-29 06:16:32.000000 	45.000000	55.921091	-159.127701	170.344006	-0.023931	-0.018961	0.018310	0.297439	0.241594	0.441474	-0.156635	-0.013857	0.009191	0.031480	0.219203	0.214006	0.497884
2021-07-29 06:16:33.000000 	46.000000	55.921091	-159.127701	170.344006	-0.026793	-0.014675	-0.000558	0.304810	0.247590	0.452423	-0.167902	-0.025379	0.004166	0.016495	0.224639	0.219314	0.510231
2021-07-29 06:16:34.000000 	47.000000	55.921091	-159.127701	170.344006	-0.039519	-0.018187	0.018955	0.319900	0.259857	0.474830	-0.165141	-0.025330	0.002914	0.040021	0.235764	0.230175	0.535499
2021-07-29 06:16:35.000000 	48.000000	55.921091	-159.127701	170.344006	-0.028036	-0.013930	0.028030	0.321823	0.261427	0.477692	-0.166422	-0.010102	0.003027	0.040676	0.237185	0.231563	0.538726
2021-07-29 06:16:36.000000 	49.000000	55.921091	-159.127701	170.344006	-0.024074	-0.012395	0.015140	0.286753	0.232947	0.425645	-0.152426	-0.013805	0.003004	0.027619	0.211342	0.206333	0.480028
2021-07-29 06:16:37.000000 	50.000000	55.921091	-159.127701	170.344006	-0.025000	-0.008032	0.033637	0.343002	0.278652	0.509149	-0.177877	-0.002871	-0.001402	0.042553	0.252803	0.246812	0.574199
2021-07-29 06:16:38.000000 	51.000000	55.921091	-159.127701	170.344006	-0.004216	0.003814	0.010438	0.311314	0.252918	0.462119	-0.175337	0.003712	-0.005066	0.010091	0.229452	0.224015	0.521159
2021-07-29 06:16:39.000000 	52.000000	55.921091	-159.127701	170.344006	-0.005384	0.020560	0.004532	0.276744	0.224840	0.410810	-0.158605	0.004440	-0.021129	0.002468	0.203976	0.199143	0.463294
2021-07-29 06:16:40.000000 	53.000000	55.921091	-159.127701	170.344006	-0.113022	0.005971	0.012274	0.308642	0.250764	0.458169	-0.136095	-0.078829	-0.045847	0.068148	0.227490	0.222100	0.516702
2021-07-29 06:16:41.000000 	54.000000	55.921091	-159.127701	170.344006	0.015694	-0.034380	0.027282	0.311958	0.253468	0.463100	-0.168364	0.017287	0.037715	0.021244	0.229939	0.224491	0.522262
2021-07-29 06:16:42.000000 	55.000000	55.921091	-159.127701	170.344006	-0.035667	0.011116	0.019790	0.344169	0.279650	0.510927	-0.182752	-0.013234	-0.023094	0.032847	0.253685	0.247676	0.576197
2021-07-29 06:16:43.000000 	56.000000	55.921091	-159.127701	170.344006	-0.020692	0.018299	0.012368	0.293201	0.238245	0.435272	-0.160779	-0.003683	-0.024470	0.017424	0.216121	0.211002	0.490876
2021-07-29 06:16:44.000000 	57.000000	55.921091	-159.127701	170.344006	-0.038577	-0.008101	0.036309	0.315484	0.256360	0.468361	-0.157134	-0.011901	-0.006175	0.051888	0.232550	0.227042	0.528190
2021-07-29 06:16:45.000000 	58.000000	55.921091	-159.127701	170.344006	-0.014752	0.038990	0.017470	0.369813	0.300519	0.549027	-0.205826	0.009878	-0.041687	0.014409	0.272602	0.266146	0.619159
2021-07-29 06:16:46.000000 	59.000000	55.921091	-159.127701	170.344006	-0.057023	-0.004535	0.059664	0.304237	0.247238	0.451680	-0.136031	-0.012037	-0.016079	0.080179	0.224267	0.218957	0.509375
2021-07-29 06:16:47.000000 	60.000000	55.921091	-159.127701	170.344006	-0.036200	-0.011424	0.014396	0.370523	0.301117	0.550100	-0.198071	-0.023320	-0.002223	0.033157	0.273135	0.266668	0.620366
2021-07-29 06:16:48.000000 	61.000000	55.921091	-159.127701	170.344006	-0.033479	-0.020910	0.030645	0.281544	0.228814	0.418005	-0.139718	-0.014909	0.007610	0.047085	0.207547	0.202633	0.471397
2021-07-29 06:16:49.000000 	62.000000	55.921091	-159.127701	170.344006	-0.062838	-0.039989	-0.002092	0.302434	0.245799	0.449027	-0.152195	-0.061604	0.014976	0.039151	0.222950	0.217672	0.506380
2021-07-29 06:16:50.000000 	63.000000	55.921091	-159.127701	170.344006	-0.034351	0.004994	0.008922	0.326261	0.265175	0.484413	-0.176536	-0.020112	-0.016905	0.024377	0.240520	0.234826	0.546285
2021-07-29 06:16:51.000000 	64.000000	55.921091	-159.127701	170.344006	-0.040529	-0.014567	0.055952	0.386634	0.314255	0.574062	-0.189370	-0.004313	-0.000829	0.070471	0.285033	0.278286	0.647382
2021-07-29 06:16:52.000000 	65.000000	55.921091	-159.127701	170.344006	-0.019821	-0.034950	0.055372	0.367217	0.298484	0.545242	-0.181127	0.005374	0.025595	0.063218	0.270723	0.264315	0.614880
2021-07-29 06:16:53.000000 	66.000000	55.921091	-159.127701	170.344006	-0.039529	-0.015122	0.040827	0.277898	0.225891	0.412629	-0.132505	-0.012178	0.000046	0.057531	0.204878	0.200029	0.465328
2021-07-29 06:16:54.000000 	67.000000	55.921091	-159.127701	170.344006	-0.048538	-0.038860	0.022917	0.302351	0.245776	0.448945	-0.147978	-0.036191	0.019016	0.052152	0.222910	0.217635	0.506281
2021-07-29 06:16:55.000000 	68.000000	55.921091	-159.127701	170.344006	-0.052314	-0.029945	0.024685	0.289903	0.235666	0.430470	-0.140145	-0.035492	0.009341	0.053814	0.213737	0.208679	0.485445
2021-07-29 06:16:56.000000 	69.000000	55.921091	-159.127701	170.344006	-0.021430	-0.037611	0.002103	0.368084	0.299231	0.546568	-0.202099	-0.026506	0.027508	0.020470	0.271382	0.264960	0.616368
2021-07-29 06:16:57.000000 	70.000000	55.921091	-159.127701	170.344006	-0.054278	-0.026998	-0.004258	0.301389	0.245021	0.447541	-0.157183	-0.052360	0.005887	0.030281	0.222213	0.216956	0.504694
2021-07-29 06:16:58.000000 	71.000000	55.921091	-159.127701	170.344006	-0.041978	-0.009353	0.003630	0.286379	0.232827	0.425260	-0.151675	-0.033214	-0.006217	0.026852	0.211150	0.206155	0.479566
2021-07-29 06:16:59.000000 	72.000000	55.921091	-159.127701	170.344006	-0.026949	-0.003830	-0.015682	0.307973	0.250392	0.457334	-0.176602	-0.030773	-0.006022	0.001885	0.227076	0.221704	0.515734
2021-07-29 06:17:00.000000 	73.000000	55.921091	-159.127701	170.344006	-0.006839	0.003248	0.019503	0.305390	0.248301	0.453507	-0.167577	0.006595	-0.005472	0.019086	0.225175	0.219849	0.511417
2021-07-29 06:17:01.000000 	74.000000	55.921091	-159.127701	170.344006	-0.024860	-0.027702	0.036258	0.305945	0.248760	0.454338	-0.153127	-0.007098	0.017027	0.048577	0.225588	0.220253	0.512353
2021-07-29 06:17:02.000000 	75.000000	55.921091	-159.127701	170.344006	-0.028317	-0.006470	-0.007131	0.324235	0.263641	0.481508	-0.182218	-0.027820	-0.004043	0.010212	0.239079	0.233425	0.542991
2021-07-29 06:17:03.000000 	76.000000	55.921091	-159.127701	170.344006	-0.033647	-0.009501	0.021107	0.246631	0.200548	0.366269	-0.124429	-0.017017	-0.003111	0.036995	0.181860	0.177560	0.413036
2021-07-29 06:17:04.000000 	77.000000	55.921091	-159.127701	170.344006	-0.037505	0.001357	0.002094	0.327171	0.266048	0.485887	-0.178462	-0.027451	-0.014631	0.021100	0.241254	0.235549	0.547925
2021-07-29 06:17:05.000000 	78.000000	55.921091	-159.127701	170.344006	-0.037766	-0.002178	-0.009083	0.311339	0.253183	0.462382	-0.172994	-0.034960	-0.011420	0.012685	0.229583	0.224155	0.521418
2021-07-29 06:17:06.000000 	79.000000	55.921091	-159.127701	170.344006	-0.008230	0.001348	0.021716	0.331571	0.269646	0.492438	-0.181350	0.006197	-0.004192	0.022026	0.244507	0.238726	0.555311
2021-07-29 06:17:07.000000 	80.000000	55.921091	-159.127701	170.344006	-0.022343	-0.004518	0.041989	0.296805	0.241381	0.440812	-0.148750	0.004904	-0.003739	0.047378	0.218874	0.213699	0.497091
2021-07-29 06:17:08.000000 	81.000000	55.921091	-159.127701	170.344006	-0.055693	-0.023973	0.033317	0.332371	0.270315	0.493643	-0.161460	-0.031507	0.002557	0.061540	0.245106	0.239312	0.556666
2021-07-29 06:17:09.000000 	82.000000	55.921091	-159.127701	170.344006	-0.054614	0.000201	0.019962	0.267752	0.217770	0.397678	-0.131420	-0.031022	-0.019646	0.045087	0.197457	0.192790	0.448448
2021-07-29 06:17:10.000000 	83.000000	55.921091	-159.127701	170.344006	-0.058556	-0.000644	0.004538	0.366513	0.298105	0.544372	-0.193711	-0.042964	-0.020261	0.034545	0.270295	0.263906	0.613868
2021-07-29 06:17:11.000000 	84.000000	55.921091	-159.127701	170.344006	-0.038974	-0.003614	0.007421	0.329001	0.267604	0.488663	-0.176639	-0.027071	-0.010509	0.027273	0.242634	0.236900	0.551046
2021-07-29 06:17:12.000000 	85.000000	55.921091	-159.127701	170.344006	-0.022984	0.010906	0.061391	0.340001	0.276561	0.505011	-0.166664	0.019830	-0.018379	0.060705	0.250752	0.244826	0.569479
2021-07-29 06:17:13.000000 	86.000000	55.921091	-159.127701	170.344006	-0.045054	-0.025199	0.063935	0.388745	0.316222	0.577422	-0.185054	-0.006479	0.007493	0.081574	0.286706	0.279932	0.651132
2021-07-29 06:17:14.000000 	87.000000	55.921091	-159.127701	170.344006	-0.038469	-0.018630	-0.004214	0.277970	0.226121	0.412889	-0.149713	-0.037630	0.003702	0.020370	0.205011	0.200168	0.465594
2021-07-29 06:17:15.000000 	88.000000	55.921091	-159.127701	170.344006	-0.042956	-0.010125	0.053491	0.295086	0.240053	0.438322	-0.136955	-0.006259	-0.005844	0.068816	0.217640	0.212498	0.494272
2021-07-29 06:17:16.000000 	89.000000	55.921091	-159.127701	170.344006	-0.038839	-0.019259	0.037627	0.313343	0.254914	0.465448	-0.154219	-0.014658	0.004157	0.055345	0.231109	0.225650	0.524859
2021-07-29 06:17:17.000000 	90.000000	55.921091	-159.127701	170.344006	-0.031308	-0.018837	0.010014	0.311979	0.253814	0.463430	-0.166384	-0.024178	0.006446	0.028446	0.230108	0.224672	0.522583
2021-07-29 06:17:18.000000 	91.000000	55.921091	-159.127701	170.344006	-0.034273	-0.012477	0.019777	0.341854	0.278129	0.507817	-0.179870	-0.019124	-0.000553	0.036815	0.252148	0.246192	0.572633
2021-07-29 06:17:19.000000 	92.000000	55.921091	-159.127701	170.344006	-0.030113	-0.035684	0.010426	0.296377	0.241139	0.440269	-0.155135	-0.027993	0.022613	0.031525	0.218609	0.213446	0.496463
2021-07-29 06:17:20.000000 	93.000000	55.921091	-159.127701	170.344006	-0.031508	-0.014674	-0.002493	0.333040	0.270978	0.494741	-0.183815	-0.030112	0.002485	0.017361	0.245656	0.239855	0.557885
2021-07-29 06:17:21.000000 	94.000000	55.921091	-159.127701	170.344006	-0.032905	-0.026016	0.014340	0.282740	0.230060	0.420026	-0.146329	-0.025108	0.012586	0.034299	0.208558	0.203633	0.473633
2021-07-29 06:17:22.000000 	95.000000	55.921091	-159.127701	170.344006	-0.039294	0.000532	0.020744	0.350368	0.285098	0.520499	-0.184250	-0.018630	-0.014497	0.037648	0.258448	0.252345	0.586928
2021-07-29 06:17:23.000000 	96.000000	55.921091	-159.127701	170.344006	-0.025299	-0.004765	0.003366	0.276305	0.224840	0.410480	-0.151502	-0.019099	-0.004561	0.016985	0.203819	0.199007	0.462866
2021-07-29 06:17:24.000000 	97.000000	55.921091	-159.127701	170.344006	-0.043824	-0.019190	0.048973	0.318464	0.259157	0.473121	-0.151281	-0.012138	0.002317	0.067338	0.234923	0.229377	0.533500
2021-07-29 06:17:25.000000 	98.000000	55.921091	-159.127701	170.344006	-0.016315	-0.004633	0.002675	0.289472	0.235572	0.430057	-0.161951	-0.012495	-0.001484	0.011683	0.213541	0.208500	0.484939
2021-07-29 06:17:26.000000 	99.000000	55.921091	-159.127701	170.344006	-0.033591	-0.018255	-0.005461	0.317138	0.258096	0.471166	-0.174627	-0.034443	0.005089	0.016708	0.233954	0.228431	0.531293
2021-07-29 06:17:27.000000 	100.000000	55.921091	-159.127701	170.344006	-0.019599	-0.008165	0.020940	0.276513	0.225043	0.410818	-0.145992	-0.005844	0.000647	0.029236	0.203989	0.199174	0.463242
2021-07-29 06:17:28.000000 	101.000000	55.921091	-159.127701	170.344006	-0.039982	0.007178	0.019715	0.353443	0.287664	0.525123	-0.186784	-0.017778	-0.020952	0.035829	0.260747	0.254593	0.592131
2021-07-29 06:17:29.000000 	102.000000	55.921091	-159.127701	170.344006	-0.059109	-0.003305	0.044963	0.308529	0.251118	0.458400	-0.144015	-0.021526	-0.017972	0.068848	0.227617	0.222245	0.516894
2021-07-29 06:17:30.000000 	103.000000	55.921091	-159.127701	170.344006	-0.045806	-0.011152	0.049596	0.325143	0.264650	0.483092	-0.155198	-0.010951	-0.005900	0.067287	0.239879	0.234218	0.544734
2021-07-29 06:17:31.000000 	104.000000	55.921091	-159.127701	170.344006	-0.037323	-0.022909	0.036077	0.304804	0.248104	0.452880	-0.149905	-0.015430	0.008108	0.053996	0.224878	0.219571	0.510666
2021-07-29 06:17:32.000000 	105.000000	55.921091	-159.127701	170.344006	-0.027759	-0.011694	-0.001505	0.349693	0.284654	0.519587	-0.194591	-0.025777	0.001037	0.015622	0.258002	0.251914	0.585882
2021-07-29 06:17:33.000000 	106.000000	55.921091	-159.127701	170.344006	-0.043126	-0.014951	0.044133	0.322466	0.262500	0.479140	-0.156240	-0.013059	-0.001395	0.062118	0.237918	0.232305	0.540273
2021-07-29 06:17:34.000000 	107.000000	55.921091	-159.127701	170.344006	-0.025699	-0.003085	0.005825	0.278837	0.226993	0.414320	-0.152111	-0.017535	-0.006274	0.018896	0.205732	0.200879	0.467182
2021-07-29 06:17:35.000000 	108.000000	55.921091	-159.127701	170.344006	-0.042276	-0.019680	0.038553	0.336228	0.273723	0.499604	-0.166214	-0.016923	0.003326	0.057995	0.248082	0.242229	0.563345
2021-07-29 06:17:36.000000 	109.000000	55.921091	-159.127701	170.344006	-0.020497	-0.020405	0.040178	0.330724	0.269252	0.491434	-0.168071	0.000629	0.011763	0.048083	0.244025	0.238269	0.554131
2021-07-29 06:17:37.000000 	110.000000	55.921091	-159.127701	170.344006	-0.035672	0.000830	0.019052	0.311361	0.253497	0.462670	-0.163352	-0.016687	-0.013485	0.034291	0.229743	0.224324	0.521696
2021-07-29 06:17:38.000000 	111.000000	55.921091	-159.127701	170.344006	-0.033450	-0.021099	0.010962	0.264868	0.215652	0.393589	-0.137734	-0.025971	0.007797	0.030805	0.195441	0.190832	0.443801
2021-07-29 06:17:39.000000 	112.000000	55.921091	-159.127701	170.344006	-0.038053	-0.036483	0.027404	0.333826	0.271807	0.496069	-0.168219	-0.024861	0.020531	0.049905	0.246329	0.240520	0.559352
2021-07-29 06:17:40.000000 	113.000000	55.921091	-159.127701	170.344006	-0.032530	-0.007361	0.016011	0.315950	0.257262	0.469513	-0.167380	-0.018376	-0.004712	0.031762	0.233144	0.227646	0.529408
2021-07-29 06:17:41.000000 	114.000000	55.921091	-159.127701	170.344006	-0.043192	-0.001895	0.014847	0.312766	0.254679	0.464790	-0.163313	-0.025666	-0.013618	0.035289	0.230799	0.225357	0.524080
2021-07-29 06:17:42.000000 	115.000000	55.921091	-159.127701	170.344006	-0.025561	-0.018445	0.010709	0.368011	0.299675	0.546896	-0.200414	-0.019225	0.008128	0.025935	0.271572	0.265168	0.616659
2021-07-29 06:17:43.000000 	116.000000	55.921091	-159.127701	170.344006	-0.035595	-0.009283	0.024301	0.245142	0.199629	0.364308	-0.121857	-0.016671	-0.004008	0.040617	0.180905	0.176639	0.410778
2021-07-29 06:17:44.000000 	117.000000	55.921091	-159.127701	170.344006	-0.043412	-0.013678	0.027686	0.309867	0.252346	0.460504	-0.155486	-0.022120	-0.002687	0.048391	0.228674	0.223282	0.519243
2021-07-29 06:17:45.000000 	118.000000	55.921091	-159.127701	170.344006	-0.036684	0.002390	0.034987	0.312347	0.254375	0.464197	-0.157461	-0.008081	-0.015303	0.047708	0.230509	0.225075	0.523406
2021-07-29 06:17:46.000000 	119.000000	55.921091	-159.127701	170.344006	-0.040012	-0.011114	0.003001	0.297216	0.242062	0.441717	-0.158805	-0.032564	-0.003871	0.025653	0.219347	0.214176	0.498057
2021-07-29 06:17:47.000000 	120.000000	55.921091	-159.127701	170.344006	-0.030457	-0.013673	0.028595	0.321675	0.261991	0.478076	-0.165707	-0.011583	0.001924	0.042360	0.237402	0.231807	0.539051
2021-07-29 06:17:48.000000 	121.000000	55.921091	-159.127701	170.344006	-0.038443	-0.009364	0.023987	0.287101	0.233841	0.426699	-0.145590	-0.019074	-0.004947	0.041864	0.211890	0.206896	0.481120
2021-07-29 06:17:49.000000 	122.000000	55.921091	-159.127701	170.344006	-0.036562	-0.008236	0.013346	0.339783	0.276760	0.505005	-0.181045	-0.023248	-0.005331	0.031841	0.250777	0.244867	0.569412
2021-07-29 06:17:50.000000 	123.000000	55.921091	-159.127701	170.344006	-0.043327	-0.024298	0.028955	0.347041	0.282682	0.515800	-0.175490	-0.024477	0.007267	0.051518	0.256139	0.250103	0.581582
2021-07-29 06:17:51.000000 	124.000000	55.921091	-159.127701	170.344006	-0.037840	-0.005035	0.038691	0.284443	0.231702	0.422769	-0.138802	-0.009091	-0.008777	0.052864	0.209942	0.204995	0.476685
2021-07-29 06:17:52.000000 	125.000000	55.921091	-159.127701	170.344006	-0.034220	-0.010055	0.045491	0.321786	0.262131	0.478280	-0.158320	-0.003960	-0.002796	0.057603	0.237509	0.231913	0.539274
2021-07-29 06:17:53.000000 	126.000000	55.921091	-159.127701	170.344006	-0.041405	-0.018653	0.003912	0.329724	0.268608	0.490088	-0.176181	-0.035356	0.002677	0.028642	0.243374	0.237640	0.552585
2021-07-29 06:17:54.000000 	127.000000	55.921091	-159.127701	170.344006	-0.025233	-0.009936	0.010757	0.319389	0.260198	0.474734	-0.173260	-0.016433	0.000294	0.024105	0.235750	0.230196	0.535272
2021-07-29 06:17:55.000000 	128.000000	55.921091	-159.127701	170.344006	-0.041037	-0.011043	0.006721	0.327892	0.267135	0.487379	-0.175037	-0.031252	-0.004303	0.029257	0.242031	0.236329	0.549529
2021-07-29 06:17:56.000000 	129.000000	55.921091	-159.127701	170.344006	-0.055899	-0.022557	0.040560	0.339143	0.276311	0.504111	-0.162884	-0.027190	0.001161	0.067364	0.250341	0.244444	0.568392
2021-07-29 06:17:57.000000 	130.000000	55.921091	-159.127701	170.344006	-0.036031	0.001293	0.040321	0.287227	0.234022	0.426949	-0.140811	-0.004910	-0.014046	0.052003	0.212024	0.207029	0.481389
2021-07-29 06:17:58.000000 	131.000000	55.921091	-159.127701	170.344006	-0.040217	-0.021008	0.013886	0.306180	0.249474	0.455130	-0.158791	-0.029543	0.005301	0.036751	0.226020	0.220696	0.513162
2021-07-29 06:17:59.000000 	132.000000	55.921091	-159.127701	170.344006	-0.034530	-0.009866	0.012902	0.335008	0.272973	0.497990	-0.178899	-0.022405	-0.003084	0.030734	0.247305	0.241481	0.561485
2021-07-29 06:18:00.000000 	133.000000	55.921091	-159.127701	170.344006	-0.032115	-0.013092	0.038508	0.330179	0.269048	0.490819	-0.166332	-0.007141	0.000791	0.051323	0.243746	0.238005	0.553399
2021-07-29 06:18:01.000000 	134.000000	55.921091	-159.127701	170.344006	-0.039068	-0.026745	0.012950	0.254368	0.207281	0.378130	-0.128452	-0.030872	0.011071	0.036520	0.187784	0.183362	0.426340
2021-07-29 06:18:02.000000 	135.000000	55.921091	-159.127701	170.344006	-0.041661	-0.012761	0.005811	0.310855	0.253321	0.462108	-0.165085	-0.032752	-0.002920	0.029173	0.229490	0.224086	0.521024
2021-07-29 06:18:03.000000 	136.000000	55.921091	-159.127701	170.344006	-0.019009	-0.006654	0.019373	0.326875	0.266386	0.485931	-0.176264	-0.005820	-0.000556	0.027326	0.241322	0.235640	0.547882
2021-07-29 06:18:04.000000 	137.000000	55.921091	-159.127701	170.344006	-0.033303	0.004769	0.043258	0.281561	0.229466	0.418574	-0.137340	-0.000127	-0.016321	0.052313	0.207873	0.202978	0.471937
2021-07-29 06:18:05.000000 	138.000000	55.921091	-159.127701	170.344006	-0.042852	-0.002893	0.040330	0.326591	0.266174	0.485524	-0.161485	-0.011419	-0.012565	0.056417	0.241123	0.235446	0.547420
2021-07-29 06:18:06.000000 	139.000000	55.921091	-159.127701	170.344006	-0.025964	-0.003475	0.002482	0.317404	0.258697	0.471874	-0.175798	-0.019728	-0.006004	0.016343	0.234345	0.228828	0.532028
2021-07-29 06:18:07.000000 	140.000000	55.921091	-159.127701	170.344006	-0.039226	-0.024635	0.038447	0.305813	0.249259	0.454649	-0.148927	-0.016084	0.009042	0.057299	0.225792	0.220477	0.512606
2021-07-29 06:18:08.000000 	141.000000	55.921091	-159.127701	170.344006	-0.036831	-0.015224	0.037764	0.315970	0.257547	0.469758	-0.156877	-0.011836	0.001103	0.053601	0.233297	0.227805	0.529639
2021-07-29 06:18:09.000000 	142.000000	55.921091	-159.127701	170.344006	-0.030934	-0.002257	0.020922	0.379888	0.309659	0.564795	-0.203653	-0.012883	-0.008912	0.033976	0.280497	0.273895	0.636789
2021-07-29 06:18:10.000000 	143.000000	55.921091	-159.127701	170.344006	-0.034081	-0.024230	0.004043	0.250692	0.204355	0.372720	-0.131501	-0.031261	0.010497	0.026030	0.185107	0.180750	0.420229
2021-07-29 06:18:11.000000 	144.000000	55.921091	-159.127701	170.344006	-0.043891	-0.011148	0.026154	0.287274	0.234184	0.427115	-0.143107	-0.022603	-0.005221	0.046868	0.212123	0.207131	0.481557
2021-07-29 06:18:12.000000 	145.000000	55.921091	-159.127701	170.344006	-0.040962	-0.009368	0.029717	0.347329	0.283150	0.516412	-0.177764	-0.017815	-0.005841	0.047930	0.256473	0.250437	0.582233
2021-07-29 06:18:13.000000 	146.000000	55.921091	-159.127701	170.344006	-0.036062	-0.017678	0.051909	0.338713	0.276137	0.503610	-0.164343	-0.004039	0.003670	0.065404	0.250116	0.244231	0.567797
2021-07-29 06:18:14.000000 	147.000000	55.921091	-159.127701	170.344006	-0.041763	-0.007770	0.026844	0.299894	0.244499	0.445900	-0.151184	-0.019572	-0.007619	0.045651	0.221456	0.216245	0.502731
2021-07-29 06:18:15.000000 	148.000000	55.921091	-159.127701	170.344006	-0.031015	-0.021463	0.001954	0.321964	0.262502	0.478722	-0.175199	-0.029241	0.009005	0.022142	0.237759	0.232165	0.539735
2021-07-29 06:18:16.000000 	149.000000	55.921091	-159.127701	170.344006	-0.023404	-0.011547	-0.004472	0.286247	0.233391	0.425622	-0.160221	-0.024026	0.002451	0.010854	0.211388	0.206415	0.479866
2021-07-29 06:18:17.000000 	150.000000	55.921091	-159.127701	170.344006	-0.035784	-0.015037	0.025392	0.312040	0.254431	0.463981	-0.159837	-0.017904	0.001301	0.042768	0.230440	0.225019	0.523112
2021-07-29 06:18:18.000000 	151.000000	55.921091	-159.127701	170.344006	-0.048497	-0.009260	0.031809	0.327706	0.267214	0.487282	-0.163322	-0.022441	-0.008627	0.053586	0.242015	0.236322	0.549381
2021-07-29 06:18:19.000000 	152.000000	55.921091	-159.127701	170.344006	-0.037253	0.001026	0.039711	0.326080	0.265899	0.484873	-0.163404	-0.006277	-0.014232	0.052191	0.240820	0.235155	0.546663
2021-07-29 06:18:20.000000 	153.000000	55.921091	-159.127701	170.344006	-0.036696	-0.009871	0.016906	0.302051	0.246314	0.449150	-0.157613	-0.021839	-0.003851	0.035186	0.223079	0.217832	0.506385
2021-07-29 06:18:21.000000 	154.000000	55.921091	-159.127701	170.344006	-0.030825	-0.008183	0.009743	0.324036	0.264252	0.481848	-0.175055	-0.020811	-0.003337	0.025842	0.239321	0.233692	0.543249
2021-07-29 06:18:22.000000 	155.000000	55.921091	-159.127701	170.344006	-0.046871	-0.018965	0.039575	0.316259	0.257919	0.470291	-0.153099	-0.019695	0.001021	0.061105	0.233582	0.228089	0.530217
2021-07-29 06:18:23.000000 	156.000000	55.921091	-159.127701	170.344006	-0.030543	-0.023059	0.008561	0.318839	0.260033	0.474135	-0.170840	-0.025645	0.010664	0.027685	0.235493	0.229955	0.534549
2021-07-29 06:18:24.000000 	157.000000	55.921091	-159.127701	170.344006	-0.029934	0.002796	0.021981	0.332611	0.271276	0.494623	-0.176533	-0.010024	-0.013277	0.033321	0.245671	0.239894	0.557646
2021-07-29 06:18:25.000000 	158.000000	55.921091	-159.127701	170.344006	-0.046894	-0.014240	0.054338	0.313948	0.256064	0.466877	-0.146333	-0.010046	-0.003402	0.072401	0.231891	0.226439	0.526363
2021-07-29 06:18:26.000000 	159.000000	55.921091	-159.127701	170.344006	-0.035053	-0.009450	0.011309	0.300851	0.245391	0.447407	-0.159611	-0.023580	-0.003659	0.029606	0.222222	0.216997	0.504411
2021-07-29 06:18:27.000000 	160.000000	55.921091	-159.127701	170.344006	-0.034060	-0.013782	0.047243	0.296039	0.241476	0.440258	-0.142413	-0.003954	0.000743	0.059714	0.218673	0.213532	0.496349
2021-07-29 06:18:28.000000 	161.000000	55.921091	-159.127701	170.344006	-0.039068	-0.006265	0.002973	0.353202	0.288113	0.525275	-0.192413	-0.030418	-0.008065	0.024168	0.260903	0.254769	0.592197
2021-07-29 06:18:29.000000 	162.000000	55.921091	-159.127701	170.344006	-0.035249	-0.023240	0.020494	0.324969	0.265094	0.483296	-0.168500	-0.022654	0.009156	0.040069	0.240054	0.234410	0.544868
2021-07-29 06:18:30.000000 	163.000000	55.921091	-159.127701	170.344006	-0.042847	-0.015150	0.029523	0.324529	0.264745	0.482649	-0.163492	-0.021087	-0.001110	0.049910	0.239734	0.234099	0.544137
2021-07-29 06:18:31.000000 	164.000000	55.921091	-159.127701	170.344006	-0.027323	-0.000177	0.025045	0.272929	0.222659	0.405914	-0.141107	-0.007164	-0.009569	0.035084	0.201621	0.196882	0.457624
2021-07-29 06:18:32.000000 	165.000000	55.921091	-159.127701	170.344006	-0.042381	-0.016012	0.024219	0.326668	0.266510	0.485845	-0.166851	-0.023954	-0.000138	0.045445	0.241325	0.235653	0.547737
2021-07-29 06:18:33.000000 	166.000000	55.921091	-159.127701	170.344006	-0.035153	-0.008487	0.012552	0.291070	0.237477	0.432908	-0.153529	-0.022676	-0.004594	0.030495	0.215032	0.209978	0.488054
2021-07-29 06:18:34.000000 	167.000000	55.921091	-159.127701	170.344006	-0.038924	-0.009402	0.032518	0.392970	0.320627	0.584472	-0.203882	-0.014677	-0.005083	0.049189	0.290319	0.283496	0.658923
2021-07-29 06:18:35.000000 	168.000000	55.921091	-159.127701	170.344006	-0.036172	-0.009898	0.049749	0.259001	0.211329	0.385224	-0.119620	-0.003039	-0.003639	0.062120	0.191350	0.186853	0.434293
2021-07-29 06:18:36.000000 	169.000000	55.921091	-159.127701	170.344006	-0.033540	-0.015317	0.007959	0.364702	0.297585	0.542444	-0.197911	-0.026018	0.002362	0.027210	0.269447	0.263115	0.611538
2021-07-29 06:18:37.000000 	170.000000	55.921091	-159.127701	170.344006	-0.044180	-0.019595	0.023356	0.288346	0.235290	0.428882	-0.143885	-0.026887	0.002568	0.046388	0.213039	0.208033	0.483509
2021-07-29 06:18:38.000000 	171.000000	55.921091	-159.127701	170.344006	-0.030820	-0.005288	0.009449	0.328203	0.267824	0.488173	-0.177949	-0.020117	-0.006039	0.025018	0.242493	0.236795	0.550350
2021-07-29 06:18:39.000000 	172.000000	55.921091	-159.127701	170.344006	-0.042317	-0.019283	0.031901	0.286459	0.233768	0.426088	-0.140082	-0.020565	0.002941	0.052428	0.211655	0.206682	0.480357
2021-07-29 06:18:40.000000 	173.000000	55.921091	-159.127701	170.344006	-0.046414	0.003937	0.044602	0.350523	0.286060	0.521387	-0.173354	-0.009766	-0.020215	0.060456	0.258996	0.252911	0.587791
2021-07-29 06:18:41.000000 	174.000000	55.921091	-159.127701	170.344006	-0.044397	-0.006377	0.040830	0.326394	0.266378	0.485503	-0.160560	-0.013363	-0.009859	0.058336	0.241172	0.235507	0.547335
2021-07-29 06:18:42.000000 	175.000000	55.921091	-159.127701	170.344006	-0.030300	-0.002141	0.004762	0.317453	0.259091	0.472211	-0.173958	-0.021413	-0.008795	0.020236	0.234571	0.229061	0.532348
2021-07-29 06:18:43.000000 	176.000000	55.921091	-159.127701	170.344006	-0.035371	-0.024840	0.019268	0.324386	0.264760	0.482532	-0.168451	-0.023908	0.010608	0.039437	0.239701	0.234070	0.543982
2021-07-29 06:18:44.000000 	177.000000	55.921091	-159.127701	170.344006	-0.041461	-0.020422	0.019504	0.267038	0.217962	0.397231	-0.133644	-0.027185	0.004310	0.041939	0.197329	0.192694	0.447817
2021-07-29 06:18:45.000000 	178.000000	55.921091	-159.127701	170.344006	-0.023267	-0.010905	-0.000289	0.341071	0.278399	0.507366	-0.190748	-0.021386	0.001899	0.014119	0.252041	0.246121	0.571974
2021-07-29 06:18:46.000000 	179.000000	55.921091	-159.127701	170.344006	-0.038031	-0.004350	0.032487	0.340547	0.277982	0.506593	-0.174166	-0.012513	-0.009486	0.047688	0.251659	0.245749	0.571102
2021-07-29 06:18:47.000000 	180.000000	55.921091	-159.127701	170.344006	-0.035083	0.001465	0.058138	0.302445	0.246890	0.449920	-0.142744	0.005858	-0.013869	0.066229	0.223508	0.218259	0.507210
2021-07-29 06:18:48.000000 	181.000000	55.921091	-159.127701	170.344006	-0.043624	-0.013724	0.026168	0.354451	0.289354	0.527293	-0.182238	-0.023149	-0.002719	0.047254	0.261947	0.255796	0.594434
2021-07-29 06:18:49.000000 	182.000000	55.921091	-159.127701	170.344006	-0.035964	-0.019020	0.016388	0.284917	0.232599	0.423858	-0.147114	-0.024263	0.004959	0.036200	0.210565	0.205620	0.477827
2021-07-29 06:18:50.000000 	183.000000	55.921091	-159.127701	170.344006	-0.033210	-0.013429	0.004954	0.261065	0.213135	0.388380	-0.139001	-0.026889	0.000716	0.024171	0.192942	0.188411	0.437830
2021-07-29 06:18:51.000000 	184.000000	55.921091	-159.127701	170.344006	-0.048136	-0.013116	0.033327	0.333332	0.272145	0.495897	-0.165875	-0.022449	-0.004895	0.055424	0.246357	0.240573	0.559035
2021-07-29 06:18:52.000000 	185.000000	55.921091	-159.127701	170.344006	-0.023536	-0.000359	0.017337	0.338306	0.276217	0.503305	-0.183295	-0.008606	-0.008050	0.026754	0.250039	0.244169	0.567383
2021-07-29 06:18:53.000000 	186.000000	55.921091	-159.127701	170.344006	-0.038563	-0.001405	0.029620	0.300386	0.245266	0.446897	-0.152031	-0.013663	-0.012426	0.045004	0.222018	0.216806	0.503793
2021-07-29 06:18:54.000000 	187.000000	55.921091	-159.127701	170.344006	-0.034348	-0.018818	0.036064	0.352581	0.287894	0.524558	-0.179335	-0.011928	0.005345	0.051611	0.260603	0.254485	0.591339
2021-07-29 06:18:55.000000 	188.000000	55.921091	-159.127701	170.344006	-0.031990	-0.007878	0.032050	0.301687	0.246347	0.448846	-0.153124	-0.009124	-0.004037	0.044867	0.222991	0.217756	0.505986
2021-07-29 06:18:56.000000 	189.000000	55.921091	-159.127701	170.344006	-0.060120	-0.007410	0.045852	0.299680	0.244718	0.445866	-0.138125	-0.023022	-0.014497	0.070933	0.221512	0.216313	0.502625
2021-07-29 06:18:57.000000 	190.000000	55.921091	-159.127701	170.344006	-0.034627	-0.004783	0.017942	0.307976	0.251502	0.458216	-0.161905	-0.018156	-0.007868	0.033945	0.227650	0.222307	0.516546
2021-07-29 06:18:58.000000 	191.000000	55.921091	-159.127701	170.344006	-0.032761	-0.026325	0.011732	0.353163	0.288414	0.525454	-0.188724	-0.026549	0.012925	0.032125	0.261057	0.254930	0.592341
2021-07-29 06:18:59.000000 	192.000000	55.921091	-159.127701	170.344006	-0.039847	0.002416	0.031903	0.283878	0.231841	0.422374	-0.141431	-0.012249	-0.016454	0.046805	0.209847	0.204922	0.476139
2021-07-29 06:19:00.000000 	193.000000	55.921091	-159.127701	170.344006	-0.028804	-0.024021	-0.002863	0.321112	0.262260	0.477781	-0.176978	-0.030985	0.012182	0.017505	0.237377	0.231806	0.538596
2021-07-29 06:19:01.000000 	194.000000	55.921091	-159.127701	170.344006	-0.044984	-0.003928	0.032861	0.312869	0.255537	0.465523	-0.155952	-0.017560	-0.012357	0.051554	0.231289	0.225862	0.524776
2021-07-29 06:19:02.000000 	195.000000	55.921091	-159.127701	170.344006	-0.019283	-0.016180	0.027060	0.321752	0.262803	0.478746	-0.169328	-0.004535	0.008248	0.035739	0.237861	0.232280	0.539681
2021-07-29 06:19:03.000000 	196.000000	55.921091	-159.127701	170.344006	-0.048497	-0.009533	0.033297	0.322675	0.263567	0.480127	-0.159955	-0.021688	-0.008372	0.054873	0.238550	0.232952	0.541235
2021-07-29 06:19:04.000000 	197.000000	55.921091	-159.127701	170.344006	-0.032944	-0.001013	0.026066	0.312859	0.255559	0.465528	-0.162407	-0.011189	-0.010791	0.039040	0.231299	0.225871	0.524776
2021-07-29 06:19:05.000000 	198.000000	55.921091	-159.127701	170.344006	-0.055404	-0.012696	0.042935	0.310053	0.253277	0.461359	-0.146395	-0.022566	-0.007877	0.067103	0.229229	0.223851	0.520075
2021-07-29 06:19:06.000000 	199.000000	55.921091	-159.127701	170.344006	-0.031209	-0.008111	0.034336	0.307097	0.250872	0.456968	-0.155591	-0.007307	-0.003540	0.046399	0.227050	0.221723	0.515123
2021-07-29 06:19:07.000000 	200.000000	55.921091	-159.127701	170.344006	-0.031469	-0.016940	-0.003485	0.333900	0.272778	0.496858	-0.184829	-0.031306	0.004616	0.016971	0.246872	0.241081	0.560088
2021-07-29 06:19:08.000000 	201.000000	55.921091	-159.127701	170.344006	-0.021298	-0.005407	0.004362	0.286116	0.233750	0.425759	-0.158230	-0.015635	-0.002536	0.015843	0.211548	0.206585	0.479940
2021-07-29 06:19:09.000000 	202.000000	55.921091	-159.127701	170.344006	-0.049630	-0.016846	0.046896	0.336031	0.274541	0.500043	-0.161350	-0.017104	-0.001942	0.068190	0.248460	0.242632	0.563675
2021-07-29 06:19:10.000000 	203.000000	55.921091	-159.127701	170.344006	-0.031495	-0.009676	0.035018	0.337941	0.276112	0.502892	-0.173053	-0.007608	-0.002181	0.047426	0.249878	0.244017	0.566885
2021-07-29 06:19:11.000000 	204.000000	55.921091	-159.127701	170.344006	-0.053682	-0.007095	0.040432	0.255411	0.208690	0.380085	-0.116390	-0.020983	-0.012497	0.063011	0.188859	0.184430	0.428449
2021-07-29 06:19:12.000000 	205.000000	55.921091	-159.127701	170.344006	-0.027948	-0.017244	0.019716	0.366501	0.299470	0.545409	-0.195904	-0.015670	0.006155	0.034405	0.271010	0.264653	0.614807
2021-07-29 06:19:13.000000 	206.000000	55.921091	-159.127701	170.344006	-0.047167	0.003384	0.016560	0.287586	0.234997	0.427977	-0.147424	-0.026225	-0.019967	0.037735	0.212661	0.207674	0.482432
2021-07-29 06:19:14.000000 	207.000000	55.921091	-159.127701	170.344006	-0.018936	-0.018159	0.014027	0.292108	0.238702	0.434713	-0.157171	-0.012154	0.010220	0.025158	0.216010	0.210944	0.490023
2021-07-29 06:19:15.000000 	208.000000	55.921091	-159.127701	170.344006	-0.037285	-0.006204	0.029558	0.318417	0.260211	0.473873	-0.162603	-0.014124	-0.007488	0.045242	0.235472	0.229950	0.534164
2021-07-29 06:19:16.000000 	209.000000	55.921091	-159.127701	170.344006	-0.048844	-0.016733	0.048460	0.326064	0.266470	0.485260	-0.155174	-0.015585	-0.001767	0.069052	0.241133	0.235478	0.546997
2021-07-29 06:19:17.000000 	210.000000	55.921091	-159.127701	170.344006	-0.037564	-0.006585	0.016461	0.297876	0.243444	0.443316	-0.155629	-0.021791	-0.007231	0.034615	0.220292	0.215127	0.499716
2021-07-29 06:19:18.000000 	211.000000	55.921091	-159.127701	170.344006	-0.036257	-0.002360	0.021491	0.292800	0.239305	0.435767	-0.151497	-0.016715	-0.010713	0.037254	0.216544	0.211466	0.491205
2021-07-29 06:19:19.000000 	212.000000	55.921091	-159.127701	170.344006	-0.042605	-0.014982	0.044736	0.341976	0.279507	0.508962	-0.167932	-0.012326	-0.001181	0.062350	0.252919	0.246989	0.573709
2021-07-29 06:19:20.000000 	213.000000	55.921091	-159.127701	170.344006	-0.029891	-0.011962	-0.000384	0.340560	0.278361	0.506861	-0.188639	-0.026879	0.000528	0.017720	0.251878	0.245972	0.571340
2021-07-29 06:19:21.000000 	214.000000	55.921091	-159.127701	170.344006	-0.039859	-0.008475	0.032471	0.328399	0.268431	0.488769	-0.166342	-0.015154	-0.006283	0.049456	0.242890	0.237196	0.550944
2021-07-29 06:19:22.000000 	215.000000	55.921091	-159.127701	170.344006	-0.027959	-0.021571	0.020947	0.266228	0.217622	0.396243	-0.136542	-0.016266	0.010194	0.036295	0.196912	0.192296	0.446646
2021-07-29 06:19:23.000000 	216.000000	55.921091	-159.127701	170.344006	-0.045791	-0.007929	0.034095	0.300441	0.245598	0.447171	-0.147697	-0.018674	-0.008906	0.053797	0.222223	0.217014	0.504051
2021-07-29 06:19:24.000000 	217.000000	55.921091	-159.127701	170.344006	-0.039502	-0.007136	0.028763	0.321762	0.263037	0.478911	-0.164179	-0.016560	-0.007406	0.045929	0.237999	0.232420	0.539826
2021-07-29 06:19:25.000000 	218.000000	55.921091	-159.127701	170.344006	-0.036848	-0.013272	0.039751	0.305411	0.249680	0.454580	-0.150430	-0.010160	-0.000727	0.054866	0.225910	0.220615	0.512399
2021-07-29 06:19:26.000000 	219.000000	55.921091	-159.127701	170.344006	-0.037691	-0.013665	0.036095	0.316115	0.258441	0.470519	-0.157861	-0.012977	-0.000660	0.052358	0.233834	0.228353	0.530363
2021-07-29 06:19:27.000000 	220.000000	55.921091	-159.127701	170.344006	-0.027456	0.007982	0.013270	0.307223	0.251182	0.457291	-0.166548	-0.011457	-0.017241	0.023773	0.227263	0.221936	0.515451
2021-07-29 06:19:28.000000 	221.000000	55.921091	-159.127701	170.344006	-0.049061	-0.009695	0.026185	0.319090	0.260894	0.474961	-0.160538	-0.026157	-0.008421	0.049310	0.236047	0.230515	0.535366
2021-07-29 06:19:29.000000 	222.000000	55.921091	-159.127701	170.344006	-0.025171	-0.019936	0.006963	0.332079	0.271525	0.494301	-0.181333	-0.021462	0.009660	0.022926	0.245662	0.239905	0.557165
2021-07-29 06:19:30.000000 	223.000000	55.921091	-159.127701	170.344006	-0.035975	-0.010847	0.025678	0.285621	0.233548	0.425154	-0.144996	-0.016654	-0.002682	0.042269	0.211299	0.206347	0.479222
2021-07-29 06:19:31.000000 	224.000000	55.921091	-159.127701	170.344006	-0.044593	-0.010564	0.037878	0.277768	0.227135	0.413470	-0.133091	-0.016404	-0.006017	0.056829	0.205495	0.200679	0.466050
2021-07-29 06:19:32.000000 	225.000000	55.921091	-159.127701	170.344006	-0.050146	-0.011626	0.051459	0.337995	0.276395	0.503128	-0.161140	-0.013405	-0.007003	0.071197	0.250058	0.244198	0.567108
2021-07-29 06:19:33.000000 	226.000000	55.921091	-159.127701	170.344006	-0.040356	-0.021636	0.035088	0.344172	0.281458	0.512330	-0.173021	-0.017956	0.005838	0.054510	0.254634	0.248668	0.577478
2021-07-29 06:19:34.000000 	227.000000	55.921091	-159.127701	170.344006	-0.037735	0.005298	0.031940	0.289847	0.237041	0.431468	-0.145866	-0.009743	-0.018395	0.045153	0.214448	0.209423	0.486333
2021-07-29 06:19:35.000000 	228.000000	55.921091	-159.127701	170.344006	-0.043360	-0.012577	0.013666	0.304848	0.249319	0.453804	-0.158473	-0.029610	-0.003697	0.036531	0.225552	0.220267	0.511507
2021-07-29 06:19:36.000000 	229.000000	55.921091	-159.127701	170.344006	-0.031225	-0.013787	0.016382	0.359727	0.294213	0.535506	-0.192869	-0.019055	0.001757	0.032669	0.266163	0.259927	0.603595
2021-07-29 06:19:37.000000 	230.000000	55.921091	-159.127701	170.344006	-0.030247	-0.017504	0.005469	0.332582	0.272023	0.495104	-0.181106	-0.025509	0.005579	0.023860	0.246085	0.240319	0.558054
2021-07-29 06:19:38.000000 	231.000000	55.921091	-159.127701	170.344006	-0.029673	-0.000177	0.025371	0.239777	0.196124	0.356952	-0.121211	-0.008801	-0.010406	0.036585	0.177421	0.173264	0.402336
2021-07-29 06:19:39.000000 	232.000000	55.921091	-159.127701	170.344006	-0.048635	-0.007855	0.061258	0.320208	0.261923	0.476696	-0.147554	-0.005633	-0.009989	0.077769	0.236941	0.231391	0.537302
2021-07-29 06:19:40.000000 	233.000000	55.921091	-159.127701	170.344006	-0.052375	-0.020635	0.044308	0.330866	0.270651	0.492569	-0.158286	-0.021796	0.000621	0.068240	0.244834	0.239099	0.555190
2021-07-29 06:19:41.000000 	234.000000	55.921091	-159.127701	170.344006	-0.032792	-0.009336	0.029852	0.297833	0.243640	0.443398	-0.151574	-0.011406	-0.002960	0.043757	0.220396	0.215234	0.499767
2021-07-29 06:19:42.000000 	235.000000	55.921091	-159.127701	170.344006	-0.022857	-0.008095	-0.001811	0.327409	0.267845	0.487435	-0.184045	-0.021093	-0.000580	0.012083	0.242288	0.236613	0.549400
2021-07-29 06:19:43.000000 	236.000000	55.921091	-159.127701	170.344006	-0.038055	-0.015198	0.025895	0.315515	0.258125	0.469735	-0.161341	-0.019426	0.000642	0.044406	0.233493	0.228024	0.529448
2021-07-29 06:19:45.000000 	238.000000	55.921091	-159.127701	170.344006	-0.046262	-0.012844	0.037712	0.552419	0.451974	0.822456	0.347945	-0.018461	-0.004482	0.058020	0.408832	0.399257	0.927001
2021-07-29 06:19:46.000000 	239.000000	55.921091	-159.127701	170.344006	-0.043579	-0.014517	0.039339	0.309154	0.252951	0.460282	-0.150823	-0.015967	-0.001962	0.058297	0.228803	0.223445	0.518788
2021-07-29 06:19:47.000000 	240.000000	55.921091	-159.127701	170.344006	-0.032713	-0.004319	0.029771	0.311211	0.254644	0.463350	-0.159926	-0.009910	-0.007620	0.042648	0.230332	0.224938	0.522245
2021-07-29 06:19:48.000000 	241.000000	55.921091	-159.127701	170.344006	-0.046395	-0.007401	0.033573	0.296228	0.242394	0.441049	-0.145407	-0.019278	-0.009615	0.053576	0.219249	0.214114	0.497107
2021-07-29 06:19:49.000000 	242.000000	55.921091	-159.127701	170.344006	-0.040919	-0.013161	0.017221	0.333064	0.272547	0.495900	-0.174346	-0.025902	-0.002281	0.038315	0.246518	0.240746	0.558927
2021-07-29 06:19:50.000000 	243.000000	55.921091	-159.127701	170.344006	-0.030702	-0.008551	0.027404	1.232324	1.008453	1.834836	-0.696584	-0.010929	-0.002949	0.040479	0.912134	0.890776	2.068031
2021-07-29 06:19:51.000000 	244.000000	55.921091	-159.127701	170.344006	-0.043504	-0.013546	0.023806	0.259144	0.212075	0.385851	-0.127778	-0.024327	-0.002843	0.045200	0.191817	0.187325	0.434888
2021-07-29 06:19:52.000000 	245.000000	55.921091	-159.127701	170.344006	-0.034211	-0.008212	0.011620	0.341187	0.279228	0.508015	-0.183727	-0.022389	-0.004516	0.029176	0.252551	0.246638	0.572576
2021-07-29 06:19:53.000000 	246.000000	55.921091	-159.127701	170.344006	-0.042782	-0.018182	0.047040	0.275815	0.225736	0.410684	-0.128122	-0.012117	0.001746	0.064991	0.204168	0.199387	0.462874
2021-07-29 06:19:54.000000 	247.000000	55.921091	-159.127701	170.344006	-0.030626	-0.008089	0.030992	0.346563	0.283650	0.516034	-0.180287	-0.008723	-0.003353	0.043319	0.256545	0.250538	0.581610
2021-07-29 06:19:55.000000 	248.000000	55.921091	-159.127701	170.344006	-0.048532	-0.014385	0.044128	0.297111	0.243185	0.442405	-0.140475	-0.017078	-0.003850	0.064831	0.219943	0.214794	0.498622
2021-07-29 06:19:56.000000 	249.000000	55.921091	-159.127701	170.344006	-0.029676	-0.003027	0.031618	0.306430	0.250823	0.456287	-0.157399	-0.006143	-0.007745	0.042330	0.226848	0.221538	0.514267
2021-07-29 06:19:57.000000 	250.000000	55.921091	-159.127701	170.344006	-0.036881	-0.019374	0.002356	0.344642	0.282112	0.513192	-0.187261	-0.032939	0.004962	0.025129	0.255143	0.249170	0.578401
2021-07-29 06:19:58.000000 	251.000000	55.921091	-159.127701	170.344006	-0.038871	-0.000910	0.014046	0.282684	0.231404	0.420938	-0.147958	-0.022481	-0.012999	0.032167	0.209280	0.204381	0.474423
2021-07-29 06:19:59.000000 	252.000000	55.921091	-159.127701	170.344006	-0.037962	-0.020096	0.039585	0.311593	0.255079	0.463992	-0.153196	-0.013129	0.005252	0.056674	0.230689	0.225289	0.522946
