2021-07-29 06:12:43.000000 	-184.000000	55.088969	-162.314052	584.266000	-0.033430	-0.016692	0.003430	0.362206	0.293733	0.536836	-0.197670	-0.028314	0.005747	0.023943	0.267200	0.263770	0.603901
2021-07-29 06:12:44.000000 	-183.000000	55.088969	-162.314052	584.266000	-0.028872	-0.010397	0.005167	0.279980	0.227059	0.414978	-0.151269	-0.022190	0.001134	0.021787	0.206543	0.203893	0.466818
2021-07-29 06:12:45.000000 	-182.000000	55.088969	-162.314052	584.266000	-0.038874	-0.004247	0.005533	0.325194	0.263734	0.482005	-0.175150	-0.028263	-0.007764	0.026472	0.239899	0.236823	0.542217
2021-07-29 06:12:46.000000 	-181.000000	55.088969	-162.314052	584.266000	-0.040282	-0.013400	0.039023	0.361453	0.293149	0.535761	-0.181776	-0.012477	0.000529	0.056294	0.266649	0.263232	0.602687
2021-07-29 06:12:47.000000 	-180.000000	55.088969	-162.314052	584.266000	-0.026425	-0.012334	0.001295	0.271897	0.220523	0.403029	-0.148518	-0.022977	0.003724	0.017615	0.200584	0.198015	0.453374
2021-07-29 06:12:48.000000 	-179.000000	55.088969	-162.314052	584.266000	-0.038226	-0.017434	0.010958	0.301844	0.244819	0.447430	-0.158218	-0.027937	0.004997	0.032860	0.222677	0.219827	0.503319
2021-07-29 06:12:49.000000 	-178.000000	55.088969	-162.314052	584.266000	-0.040629	-0.011143	0.040611	0.334403	0.271235	0.495706	-0.165563	-0.011277	-0.001726	0.057393	0.246698	0.243543	0.557624
2021-07-29 06:12:50.000000 	-177.000000	55.088969	-162.314052	584.266000	-0.034920	-0.019416	0.017024	0.355831	0.288624	0.527484	-0.187991	-0.022377	0.007890	0.036377	0.262508	0.259153	0.593371
2021-07-29 06:12:51.000000 	-176.000000	55.088969	-162.314052	584.266000	-0.032396	-0.004221	0.007454	0.289456	0.234793	0.429101	-0.155550	-0.022096	-0.005821	0.024510	0.213543	0.210814	0.482697
2021-07-29 06:12:52.000000 	-175.000000	55.088969	-162.314052	584.266000	-0.032109	-0.002564	0.008710	0.337288	0.273600	0.500021	-0.183112	-0.020740	-0.007312	0.025096	0.248832	0.245654	0.562475
2021-07-29 06:12:53.000000 	-174.000000	55.088969	-162.314052	584.266000	-0.042123	-0.020501	0.027338	0.272177	0.220790	0.403506	-0.133109	-0.022372	0.006735	0.048950	0.200797	0.198235	0.453903
2021-07-29 06:12:54.000000 	-173.000000	55.088969	-162.314052	584.266000	-0.030786	-0.013383	0.016243	0.326918	0.265204	0.484673	-0.173377	-0.018091	0.003398	0.032433	0.241184	0.238109	0.545207
2021-07-29 06:12:55.000000 	-172.000000	55.088969	-162.314052	584.266000	-0.040494	-0.005812	0.012184	0.356534	0.289238	0.528594	-0.190211	-0.026113	-0.006764	0.033081	0.263035	0.259683	0.594612
2021-07-29 06:12:56.000000 	-171.000000	55.088969	-162.314052	584.266000	-0.032429	-0.014637	0.011098	0.236706	0.192033	0.350947	-0.122280	-0.022631	0.004093	0.029328	0.174632	0.172408	0.394777
2021-07-29 06:12:57.000000 	-170.000000	55.088969	-162.314052	584.266000	-0.035757	-0.021578	0.026447	0.361001	0.292880	0.535245	-0.186817	-0.018177	0.009695	0.044936	0.266334	0.262944	0.602091
2021-07-29 06:12:58.000000 	-169.000000	55.088969	-162.314052	584.266000	-0.032708	-0.008709	0.002992	0.302768	0.245642	0.448915	-0.164431	-0.026012	-0.001639	0.021802	0.223373	0.220531	0.504979
2021-07-29 06:12:59.000000 	-168.000000	55.088969	-162.314052	584.266000	-0.033453	-0.004992	0.010686	0.339186	0.275198	0.502926	-0.182828	-0.021265	-0.005407	0.027871	0.250243	0.247061	0.565733
2021-07-29 06:13:00.000000 	-167.000000	55.088969	-162.314052	584.266000	-0.034592	-0.016270	0.020852	0.314750	0.255379	0.466706	-0.163113	-0.019145	0.004993	0.038790	0.232217	0.229266	0.524989
2021-07-29 06:13:01.000000 	-166.000000	55.088969	-162.314052	584.266000	-0.032425	-0.012622	0.024646	0.290439	0.235661	0.430668	-0.148526	-0.014373	0.002174	0.040085	0.214282	0.211560	0.484450
2021-07-29 06:13:02.000000 	-165.000000	55.088969	-162.314052	584.266000	-0.032975	-0.010311	0.003420	0.304664	0.247210	0.451772	-0.165117	-0.026375	-0.000194	0.022577	0.224778	0.221925	0.508188
2021-07-29 06:13:03.000000 	-164.000000	55.088969	-162.314052	584.266000	-0.042499	-0.018069	0.025411	0.356907	0.289610	0.529255	-0.183391	-0.023162	0.004304	0.047152	0.263324	0.259984	0.595345
2021-07-29 06:13:04.000000 	-163.000000	55.088969	-162.314052	584.266000	-0.023591	-0.005889	0.004593	0.304927	0.247439	0.452186	-0.167984	-0.017269	-0.001557	0.017653	0.224975	0.222123	0.508651
2021-07-29 06:13:05.000000 	-162.000000	55.088969	-162.314052	584.266000	-0.043679	-0.010722	0.029634	0.296864	0.240903	0.440240	-0.147274	-0.019837	-0.003054	0.049981	0.219028	0.216253	0.495212
2021-07-29 06:13:06.000000 	-161.000000	55.088969	-162.314052	584.266000	-0.031609	-0.020334	0.005408	0.322060	0.261357	0.477617	-0.173653	-0.026667	0.009770	0.025205	0.237619	0.234610	0.537255
2021-07-29 06:13:07.000000 	-160.000000	55.088969	-162.314052	584.266000	-0.032538	-0.002039	0.018258	0.350812	0.284699	0.520269	-0.187176	-0.015480	-0.007942	0.033068	0.258835	0.255559	0.585232
2021-07-29 06:13:08.000000 	-159.000000	55.088969	-162.314052	584.266000	-0.043117	-0.015442	0.020891	0.289160	0.234673	0.428848	-0.145829	-0.025577	0.001613	0.043326	0.213349	0.210650	0.482394
2021-07-29 06:13:09.000000 	-158.000000	55.088969	-162.314052	584.266000	-0.031714	-0.010386	0.018601	0.389884	0.316427	0.578244	-0.209087	-0.016719	0.000261	0.034352	0.287667	0.284031	0.650443
2021-07-29 06:13:10.000000 	-157.000000	55.088969	-162.314052	584.266000	-0.034065	-0.009408	0.010949	0.251298	0.203958	0.372714	-0.130973	-0.022692	-0.001385	0.029188	0.185416	0.183073	0.419249
2021-07-29 06:13:11.000000 	-156.000000	55.088969	-162.314052	584.266000	-0.042048	-0.015119	0.014319	0.353629	0.287021	0.524501	-0.186254	-0.028423	0.001630	0.037298	0.260921	0.257627	0.589987
2021-07-29 06:13:12.000000 	-155.000000	55.088969	-162.314052	584.266000	-0.032584	-0.006565	0.009884	0.294249	0.238833	0.436440	-0.157122	-0.021437	-0.003644	0.027014	0.217110	0.214371	0.490930
2021-07-29 06:13:13.000000 	-154.000000	55.088969	-162.314052	584.266000	-0.025828	-0.011321	0.020538	0.257753	0.209216	0.382317	-0.133150	-0.011245	0.002939	0.032893	0.190182	0.187784	0.430048
2021-07-29 06:13:14.000000 	-153.000000	55.088969	-162.314052	584.266000	-0.041276	-0.015267	0.008202	0.380010	0.308461	0.563672	-0.204150	-0.031357	0.002006	0.031886	0.280392	0.276858	0.634044
2021-07-29 06:13:15.000000 	-152.000000	55.088969	-162.314052	584.266000	-0.034304	-0.009961	0.026310	0.308961	0.250797	0.458296	-0.158407	-0.014226	-0.000931	0.042011	0.227970	0.225099	0.515511
2021-07-29 06:13:16.000000 	-151.000000	55.088969	-162.314052	584.266000	-0.043128	-0.018659	0.035553	0.308435	0.250377	0.457527	-0.150966	-0.017997	0.004675	0.055915	0.227583	0.224719	0.514644
2021-07-29 06:13:17.000000 	-150.000000	55.088969	-162.314052	584.266000	-0.030908	-0.003579	0.011310	0.287078	0.233048	0.425857	-0.153197	-0.018566	-0.005980	0.026750	0.211827	0.209162	0.479020
2021-07-29 06:13:18.000000 	-149.000000	55.088969	-162.314052	584.266000	-0.023934	-0.011267	-0.000277	0.338982	0.275191	0.502865	-0.188936	-0.021665	0.003463	0.014782	0.250127	0.246982	0.565640
2021-07-29 06:13:19.000000 	-148.000000	55.088969	-162.314052	584.266000	-0.046544	-0.009769	0.004205	0.358625	0.291146	0.532017	-0.192264	-0.036391	-0.004833	0.030525	0.264623	0.261298	0.598430
2021-07-29 06:13:20.000000 	-147.000000	55.088969	-162.314052	584.266000	-0.031696	-0.017947	0.028472	0.263618	0.214023	0.391085	-0.131006	-0.012940	0.007470	0.043751	0.194521	0.192078	0.439904
2021-07-29 06:13:21.000000 	-146.000000	55.088969	-162.314052	584.266000	-0.034613	-0.022297	0.021548	0.324100	0.263134	0.480824	-0.167540	-0.020266	0.010728	0.040420	0.239151	0.236150	0.540844
2021-07-29 06:13:22.000000 	-145.000000	55.088969	-162.314052	584.266000	-0.031631	-0.001166	0.012200	0.326114	0.264778	0.483825	-0.175564	-0.018021	-0.008498	0.027454	0.240640	0.237621	0.544218
2021-07-29 06:13:23.000000 	-144.000000	55.088969	-162.314052	584.266000	-0.050438	-0.007517	0.023995	0.303067	0.246073	0.449643	-0.151373	-0.027546	-0.008161	0.048486	0.223635	0.220832	0.505769
2021-07-29 06:13:24.000000 	-143.000000	55.088969	-162.314052	584.266000	-0.024996	-0.025958	0.023653	0.342604	0.278183	0.508314	-0.179563	-0.012459	0.017137	0.037538	0.252811	0.249644	0.571761
2021-07-29 06:13:25.000000 	-142.000000	55.088969	-162.314052	584.266000	-0.032219	-0.002268	0.002188	0.295297	0.239779	0.438137	-0.161231	-0.024485	-0.007627	0.019756	0.217905	0.215176	0.492824
2021-07-29 06:13:26.000000 	-141.000000	55.088969	-162.314052	584.266000	-0.036475	-0.010150	0.010128	0.336353	0.273124	0.499065	-0.180008	-0.025230	-0.001411	0.029959	0.248203	0.245097	0.561355
2021-07-29 06:13:27.000000 	-140.000000	55.088969	-162.314052	584.266000	-0.039665	-0.010892	0.034126	0.292733	0.237712	0.434354	-0.144259	-0.014173	-0.001673	0.051506	0.216016	0.213315	0.488566
2021-07-29 06:13:28.000000 	-139.000000	55.088969	-162.314052	584.266000	-0.050533	-0.012900	0.017224	0.307899	0.250034	0.456868	-0.156194	-0.032837	-0.003061	0.043921	0.227209	0.224369	0.513889
2021-07-29 06:13:29.000000 	-138.000000	55.088969	-162.314052	584.266000	-0.021546	-0.016394	0.007964	0.384979	0.312638	0.571256	-0.212466	-0.016360	0.009073	0.021129	0.284091	0.280543	0.642551
2021-07-29 06:13:30.000000 	-137.000000	55.088969	-162.314052	584.266000	-0.043358	-0.015149	0.016969	0.289370	0.235002	0.429396	-0.147432	-0.027938	0.001261	0.040191	0.213539	0.210874	0.482985
2021-07-29 06:13:31.000000 	-136.000000	55.088969	-162.314052	584.266000	-0.026816	-0.016495	0.017480	0.293964	0.238741	0.436225	-0.154511	-0.015056	0.007569	0.031824	0.216932	0.214225	0.490665
2021-07-29 06:13:32.000000 	-135.000000	55.088969	-162.314052	584.266000	-0.038164	-0.000537	0.012359	0.286320	0.232540	0.424891	-0.150507	-0.022878	-0.011082	0.031037	0.211292	0.208657	0.477916
2021-07-29 06:13:33.000000 	-134.000000	55.088969	-162.314052	584.266000	-0.033653	-0.014125	0.018547	0.417800	0.339334	0.620020	-0.224392	-0.019197	0.003234	0.036014	0.308322	0.304479	0.697395
2021-07-29 06:13:34.000000 	-133.000000	55.088969	-162.314052	584.266000	-0.029875	-0.012786	0.027896	0.278642	0.226318	0.413518	-0.141095	-0.010561	0.003105	0.041389	0.205630	0.203069	0.465122
2021-07-29 06:13:35.000000 	-132.000000	55.088969	-162.314052	584.266000	-0.030025	-0.006725	-0.002538	0.289414	0.235075	0.429515	-0.159789	-0.026586	-0.002714	0.015459	0.213581	0.210923	0.483113
2021-07-29 06:13:36.000000 	-131.000000	55.088969	-162.314052	584.266000	-0.047406	-0.020212	0.029718	0.322956	0.262327	0.479305	-0.160306	-0.025065	0.004855	0.053732	0.238336	0.235371	0.539116
2021-07-29 06:13:37.000000 	-130.000000	55.088969	-162.314052	584.266000	-0.039974	-0.014604	0.007658	0.283546	0.230323	0.420827	-0.148654	-0.030486	0.001769	0.030615	0.209254	0.206652	0.473339
2021-07-29 06:13:38.000000 	-129.000000	55.088969	-162.314052	584.266000	-0.037277	-0.012737	0.026406	0.338386	0.274878	0.502230	-0.174355	-0.017184	0.000810	0.044194	0.249727	0.246624	0.564899
2021-07-29 06:13:39.000000 	-128.000000	55.088969	-162.314052	584.266000	-0.022369	0.002078	-0.005218	0.306219	0.248756	0.454500	-0.173694	-0.019945	-0.008776	0.007556	0.225991	0.223184	0.511211
2021-07-29 06:13:40.000000 	-127.000000	55.088969	-162.314052	584.266000	-0.039360	-0.021392	0.039013	0.343767	0.279266	0.510241	-0.170897	-0.013753	0.008423	0.057173	0.253703	0.250554	0.573907
2021-07-29 06:13:41.000000 	-126.000000	55.088969	-162.314052	584.266000	-0.032816	-0.006026	0.000350	0.323174	0.262545	0.479687	-0.177602	-0.026940	-0.004229	0.019227	0.238507	0.235549	0.539539
2021-07-29 06:13:42.000000 	-125.000000	55.088969	-162.314052	584.266000	-0.035787	-0.012251	0.030351	0.313740	0.254889	0.465696	-0.158944	-0.013642	0.000800	0.046532	0.231547	0.228676	0.523800
2021-07-29 06:13:43.000000 	-124.000000	55.088969	-162.314052	584.266000	-0.039880	-0.012217	0.008879	0.313226	0.254479	0.464944	-0.165812	-0.029120	-0.000476	0.031150	0.231169	0.228305	0.522954
2021-07-29 06:13:44.000000 	-123.000000	55.088969	-162.314052	584.266000	-0.045584	-0.022257	0.027388	0.300649	0.244269	0.446287	-0.148496	-0.025485	0.007357	0.051184	0.221889	0.219142	0.501967
2021-07-29 06:13:45.000000 	-122.000000	55.088969	-162.314052	584.266000	-0.023027	-0.006913	0.001966	0.328491	0.266898	0.487627	-0.182759	-0.018587	-0.000409	0.015370	0.242440	0.239440	0.548464
2021-07-29 06:13:46.000000 	-121.000000	55.088969	-162.314052	584.266000	-0.047784	-0.014542	0.030582	0.305437	0.248175	0.453416	-0.150308	-0.023454	-0.000662	0.053661	0.225427	0.222639	0.509983
2021-07-29 06:13:47.000000 	-120.000000	55.088969	-162.314052	584.266000	-0.030749	-0.008420	0.010527	0.348949	0.283538	0.518021	-0.189015	-0.020097	-0.001319	0.026862	0.257543	0.254360	0.582647
2021-07-29 06:13:48.000000 	-119.000000	55.088969	-162.314052	584.266000	-0.030729	-0.018548	0.029044	0.217590	0.176808	0.323024	-0.104198	-0.012007	0.008336	0.043797	0.160594	0.158611	0.363322
2021-07-29 06:13:49.000000 	-118.000000	55.088969	-162.314052	584.266000	-0.040259	-0.011296	0.001682	0.354856	0.288356	0.526816	-0.192776	-0.033305	-0.001469	0.025295	0.261908	0.258674	0.592536
2021-07-29 06:13:50.000000 	-117.000000	55.088969	-162.314052	584.266000	-0.034361	-0.003516	0.017996	0.390994	0.317731	0.580480	-0.210006	-0.017423	-0.007089	0.034104	0.288582	0.285022	0.652893
2021-07-29 06:13:51.000000 	-116.000000	55.088969	-162.314052	584.266000	-0.038777	-0.011862	0.021695	0.274912	0.223407	0.408151	-0.138954	-0.020834	-0.000479	0.040997	0.202907	0.200405	0.459066
2021-07-29 06:13:52.000000 	-115.000000	55.088969	-162.314052	584.266000	-0.039439	-0.010067	0.028066	0.334876	0.272146	0.497189	-0.171354	-0.017259	-0.002390	0.046270	0.247167	0.244121	0.559210
2021-07-29 06:13:53.000000 	-114.000000	55.088969	-162.314052	584.266000	-0.030611	-0.016507	0.008643	0.287249	0.233447	0.426488	-0.152992	-0.023082	0.006427	0.026649	0.212016	0.209405	0.479687
2021-07-29 06:13:54.000000 	-113.000000	55.088969	-162.314052	584.266000	-0.033523	-0.007723	0.013406	0.301277	0.244856	0.447326	-0.159497	-0.020443	-0.002827	0.030615	0.222372	0.219635	0.503124
2021-07-29 06:13:55.000000 	-112.000000	55.088969	-162.314052	584.266000	-0.034534	-0.011183	0.016135	0.345895	0.281127	0.513586	-0.183707	-0.020532	0.000163	0.034006	0.255308	0.252167	0.577648
2021-07-29 06:13:56.000000 	-111.000000	55.088969	-162.314052	584.266000	-0.053844	-0.016623	0.033945	0.281002	0.228393	0.417244	-0.132650	-0.026782	-0.000521	0.060085	0.207412	0.204862	0.469287
2021-07-29 06:13:57.000000 	-110.000000	55.088969	-162.314052	584.266000	-0.015379	-0.012529	0.007532	0.353795	0.287566	0.525342	-0.196665	-0.010826	0.007265	0.016741	0.261144	0.257935	0.590867
2021-07-29 06:13:58.000000 	-109.000000	55.088969	-162.314052	584.266000	-0.042087	-0.010017	0.012435	0.353881	0.287645	0.525482	-0.187736	-0.028261	-0.003243	0.034887	0.261210	0.258002	0.591023
2021-07-29 06:13:59.000000 	-108.000000	55.088969	-162.314052	584.266000	-0.030977	-0.017763	0.014033	0.260051	0.211384	0.386162	-0.134839	-0.020596	0.007512	0.031486	0.191953	0.189597	0.434325
2021-07-29 06:14:00.000000 	-107.000000	55.088969	-162.314052	584.266000	-0.046088	-0.010520	0.029251	0.358761	0.291630	0.532754	-0.182836	-0.021888	-0.003979	0.050946	0.264817	0.261568	0.599198
2021-07-29 06:14:01.000000 	-106.000000	55.088969	-162.314052	584.266000	-0.032162	-0.006429	0.013169	0.295481	0.240199	0.438795	-0.156755	-0.019193	-0.003645	0.029454	0.218109	0.215435	0.493519
2021-07-29 06:14:02.000000 	-105.000000	55.088969	-162.314052	584.266000	-0.024330	-0.010922	-0.000367	0.347366	0.282385	0.515857	-0.193823	-0.021940	0.003014	0.014864	0.256410	0.253269	0.580191
2021-07-29 06:14:03.000000 	-104.000000	55.088969	-162.314052	584.266000	-0.039659	-0.018844	0.030846	0.285583	0.232168	0.424117	-0.140538	-0.018026	0.005906	0.050196	0.210807	0.208226	0.477008
2021-07-29 06:14:04.000000 	-103.000000	55.088969	-162.314052	584.266000	-0.040930	-0.014583	0.029977	0.326183	0.265182	0.484422	-0.164648	-0.018455	0.001459	0.049435	0.240779	0.237832	0.544833
2021-07-29 06:14:05.000000 	-102.000000	55.088969	-162.314052	584.266000	-0.028163	-0.010031	0.004346	0.316693	0.257475	0.470339	-0.173239	-0.022015	0.001000	0.020664	0.233775	0.230916	0.528993
2021-07-29 06:14:06.000000 	-101.000000	55.088969	-162.314052	584.266000	-0.026803	-0.005252	0.025520	0.318760	0.259163	0.473420	-0.167009	-0.007644	-0.003139	0.036456	0.235304	0.232427	0.532457
2021-07-29 06:14:07.000000 	-100.000000	55.088969	-162.314052	584.266000	-0.053360	-0.018548	0.010980	0.327991	0.266677	0.487143	-0.168791	-0.040026	0.001461	0.041324	0.242121	0.239163	0.547888
2021-07-29 06:14:08.000000 	-99.000000	55.088969	-162.314052	584.266000	-0.023648	-0.011414	0.010489	0.304384	0.247491	0.452091	-0.164812	-0.015316	0.003690	0.023480	0.224696	0.221953	0.508465
2021-07-29 06:14:09.000000 	-98.000000	55.088969	-162.314052	584.266000	-0.037441	-0.007390	0.032403	0.273495	0.222383	0.406223	-0.134787	-0.012549	-0.004334	0.048272	0.201896	0.199432	0.456876
2021-07-29 06:14:10.000000 	-97.000000	55.088969	-162.314052	584.266000	-0.032265	-0.014591	0.009327	0.363587	0.295647	0.540049	-0.196894	-0.023505	0.004099	0.027778	0.268405	0.265132	0.607387
2021-07-29 06:14:11.000000 	-96.000000	55.088969	-162.314052	584.266000	-0.035623	-0.008149	0.009183	0.301376	0.245068	0.447655	-0.160542	-0.024607	-0.003058	0.028371	0.222482	0.219770	0.503471
2021-07-29 06:14:12.000000 	-95.000000	55.088969	-162.314052	584.266000	-0.032553	-0.015835	0.025568	0.334027	0.271628	0.496165	-0.173156	-0.014746	0.005197	0.041470	0.246588	0.243585	0.558029
2021-07-29 06:14:13.000000 	-94.000000	55.088969	-162.314052	584.266000	-0.039388	-0.002772	0.017113	0.275942	0.224401	0.409896	-0.142093	-0.021670	-0.009325	0.035992	0.203710	0.201231	0.461002
2021-07-29 06:14:14.000000 	-93.000000	55.088969	-162.314052	584.266000	-0.033853	-0.022841	0.027148	0.323936	0.263439	0.481200	-0.165455	-0.016603	0.011477	0.044692	0.239144	0.236235	0.541195
2021-07-29 06:14:15.000000 	-92.000000	55.088969	-162.314052	584.266000	-0.036553	-0.008698	0.009298	0.395347	0.321524	0.587292	-0.214818	-0.025404	-0.002818	0.029068	0.291865	0.288316	0.660513
2021-07-29 06:14:16.000000 	-91.000000	55.088969	-162.314052	584.266000	-0.031592	-0.013761	0.028123	0.217592	0.176967	0.323243	-0.104940	-0.012016	0.003513	0.042680	0.160640	0.158687	0.363543
2021-07-29 06:14:17.000000 	-90.000000	55.088969	-162.314052	584.266000	-0.036102	-0.012636	0.006961	0.366000	0.297676	0.543722	-0.198358	-0.027370	0.001071	0.027590	0.270206	0.266924	0.611508
2021-07-29 06:14:18.000000 	-89.000000	55.088969	-162.314052	584.266000	-0.031943	0.000610	0.018565	0.306821	0.249552	0.455818	-0.161999	-0.014180	-0.010286	0.032535	0.226518	0.223768	0.512643
2021-07-29 06:14:19.000000 	-88.000000	55.088969	-162.314052	584.266000	-0.032378	-0.014428	0.020272	0.301528	0.245255	0.447965	-0.156581	-0.017289	0.003910	0.036786	0.222613	0.219912	0.503810
2021-07-29 06:14:20.000000 	-87.000000	55.088969	-162.314052	584.266000	-0.036138	-0.018482	0.012171	0.316128	0.257139	0.469667	-0.166651	-0.025873	0.006629	0.032898	0.233394	0.230564	0.528216
2021-07-29 06:14:21.000000 	-86.000000	55.088969	-162.314052	584.266000	-0.050956	-0.016367	0.037176	0.300254	0.244235	0.446093	-0.143593	-0.022612	0.000113	0.061115	0.221677	0.218991	0.501702
2021-07-29 06:14:22.000000 	-85.000000	55.088969	-162.314052	584.266000	-0.019477	0.002464	0.002169	0.339084	0.275829	0.503796	-0.190804	-0.013362	-0.008265	0.011971	0.250348	0.247316	0.566596
2021-07-29 06:14:23.000000 	-84.000000	55.088969	-162.314052	584.266000	-0.040057	-0.013630	0.005270	0.346867	0.282170	0.515372	-0.186614	-0.031676	0.000817	0.028532	0.256097	0.252997	0.579613
2021-07-29 06:14:24.000000 	-83.000000	55.088969	-162.314052	584.266000	-0.038364	-0.012494	0.026865	0.268431	0.218371	0.398842	-0.133250	-0.017711	0.000248	0.045121	0.198189	0.195791	0.448557
2021-07-29 06:14:25.000000 	-82.000000	55.088969	-162.314052	584.266000	-0.029427	-0.009583	0.010919	0.354565	0.288450	0.526833	-0.192421	-0.019129	0.000190	0.026665	0.261785	0.258621	0.592500
2021-07-29 06:14:26.000000 	-81.000000	55.088969	-162.314052	584.266000	-0.035225	-0.008114	0.025168	0.303682	0.247063	0.451238	-0.155808	-0.015138	-0.002970	0.041256	0.224219	0.221510	0.507481
2021-07-29 06:14:27.000000 	-80.000000	55.088969	-162.314052	584.266000	-0.032685	-0.020577	0.004105	0.302989	0.246507	0.450219	-0.162800	-0.028313	0.009675	0.024766	0.223710	0.221009	0.506334
2021-07-29 06:14:28.000000 	-79.000000	55.088969	-162.314052	584.266000	-0.033922	-0.015801	0.019499	0.324032	0.263636	0.481498	-0.169384	-0.019280	0.004748	0.037233	0.239250	0.236362	0.541510
2021-07-29 06:14:29.000000 	-78.000000	55.088969	-162.314052	584.266000	-0.042384	-0.010404	0.039752	0.296275	0.241061	0.440264	-0.143415	-0.012956	-0.002964	0.057517	0.218758	0.216119	0.495135
2021-07-29 06:14:30.000000 	-77.000000	55.088969	-162.314052	584.266000	-0.029796	-0.002267	-0.001694	0.313818	0.255342	0.466343	-0.174271	-0.024813	-0.006892	0.015252	0.231713	0.228920	0.524463
2021-07-29 06:14:31.000000 	-76.000000	55.088969	-162.314052	584.266000	-0.032319	-0.012313	0.029864	0.445861	0.362793	0.662578	-0.236850	-0.011227	0.001912	0.044253	0.329213	0.325247	0.745154
2021-07-29 06:14:32.000000 	-75.000000	55.088969	-162.314052	584.266000	-0.035959	-0.005580	0.002822	0.186254	0.151558	0.276792	-0.095829	-0.027869	-0.005608	0.022892	0.137527	0.135872	0.311287
2021-07-29 06:14:33.000000 	-74.000000	55.088969	-162.314052	584.266000	-0.034008	-0.015811	0.023909	0.336315	0.273674	0.499809	-0.174777	-0.016826	0.004732	0.040899	0.248333	0.245345	0.562096
2021-07-29 06:14:34.000000 	-73.000000	55.088969	-162.314052	584.266000	-0.029318	-0.011002	0.013557	0.308009	0.250649	0.457753	-0.164241	-0.017888	0.001575	0.029016	0.227434	0.224699	0.514797
2021-07-29 06:14:35.000000 	-72.000000	55.088969	-162.314052	584.266000	-0.043158	-0.012852	0.031225	0.315166	0.256481	0.468400	-0.157339	-0.019050	-0.000867	0.051372	0.232721	0.229924	0.526769
2021-07-29 06:14:36.000000 	-71.000000	55.088969	-162.314052	584.266000	-0.029641	-0.005481	0.016759	0.373996	0.304366	0.555846	-0.201808	-0.014932	-0.003783	0.030858	0.276165	0.272848	0.625111
2021-07-29 06:14:37.000000 	-70.000000	55.088969	-162.314052	584.266000	-0.041224	-0.011443	0.010143	0.251886	0.204997	0.374370	-0.129271	-0.029253	-0.001622	0.032785	0.185999	0.183766	0.421019
2021-07-29 06:14:38.000000 	-69.000000	55.088969	-162.314052	584.266000	-0.033130	-0.014843	0.020765	0.364162	0.296383	0.541255	-0.192554	-0.017698	0.004077	0.037674	0.268910	0.265683	0.608699
2021-07-29 06:14:39.000000 	-68.000000	55.088969	-162.314052	584.266000	-0.027593	-0.012874	0.010339	0.293388	0.238789	0.436073	-0.157268	-0.018848	0.003883	0.025762	0.216650	0.214052	0.490409
2021-07-29 06:14:40.000000 	-67.000000	55.088969	-162.314052	584.266000	-0.041120	-0.003268	0.030053	0.338958	0.275888	0.503818	-0.173204	-0.015741	-0.009378	0.047633	0.250304	0.247304	0.566593
2021-07-29 06:14:41.000000 	-66.000000	55.088969	-162.314052	584.266000	-0.043076	-0.019247	0.028143	0.295725	0.240707	0.439567	-0.146520	-0.022343	0.005251	0.049912	0.218381	0.215765	0.494336
2021-07-29 06:14:42.000000 	-65.000000	55.088969	-162.314052	584.266000	-0.024236	-0.004962	-0.001235	0.320097	0.260553	0.475804	-0.179076	-0.020878	-0.002635	0.013065	0.236381	0.233551	0.535086
2021-07-29 06:14:43.000000 	-64.000000	55.088969	-162.314052	584.266000	-0.035707	-0.009618	0.006508	0.330939	0.269388	0.491932	-0.178634	-0.026569	-0.001684	0.026479	0.244391	0.241467	0.553222
2021-07-29 06:14:44.000000 	-63.000000	55.088969	-162.314052	584.266000	-0.034367	-0.004624	0.028383	0.279489	0.227514	0.415463	-0.141075	-0.011758	-0.006035	0.042818	0.206399	0.203931	0.467224
2021-07-29 06:14:45.000000 	-62.000000	55.088969	-162.314052	584.266000	-0.038745	-0.007796	0.016661	0.259669	0.211386	0.386008	-0.132520	-0.022677	-0.004343	0.036144	0.191763	0.189472	0.434098
2021-07-29 06:14:46.000000 	-61.000000	55.088969	-162.314052	584.266000	-0.038839	-0.022825	0.018724	0.354015	0.288200	0.526270	-0.184909	-0.025315	0.009947	0.040500	0.261441	0.258318	0.591833
2021-07-29 06:14:47.000000 	-60.000000	55.088969	-162.314052	584.266000	-0.038203	-0.021238	0.031659	0.348332	0.283582	0.517832	-0.176922	-0.017020	0.008628	0.050484	0.257247	0.254176	0.582343
2021-07-29 06:14:48.000000 	-59.000000	55.088969	-162.314052	584.266000	-0.031065	-0.000962	0.006726	0.316368	0.257568	0.470325	-0.172320	-0.020661	-0.008521	0.022621	0.233644	0.230856	0.528916
2021-07-29 06:14:49.000000 	-58.000000	55.088969	-162.314052	584.266000	-0.037499	-0.008000	0.029312	0.330231	0.268864	0.490946	-0.169010	-0.014515	-0.003770	0.045874	0.243885	0.240977	0.552104
2021-07-29 06:14:50.000000 	-57.000000	55.088969	-162.314052	584.266000	-0.033019	-0.007879	0.002612	0.279528	0.227590	0.415576	-0.151170	-0.026265	-0.002525	0.021516	0.206441	0.203981	0.467344
2021-07-29 06:14:51.000000 	-56.000000	55.088969	-162.314052	584.266000	-0.037007	-0.017123	0.033313	0.331379	0.269816	0.492675	-0.167235	-0.014113	0.005071	0.050473	0.244738	0.241824	0.554045
2021-07-29 06:14:52.000000 	-55.000000	55.088969	-162.314052	584.266000	-0.043432	-0.005675	0.010297	0.296899	0.241750	0.441421	-0.155462	-0.029454	-0.007788	0.033112	0.219276	0.216666	0.496406
2021-07-29 06:14:53.000000 	-54.000000	55.088969	-162.314052	584.266000	-0.024547	-0.015080	0.012395	0.366528	0.298455	0.544957	-0.199536	-0.015841	0.006910	0.026170	0.270704	0.267484	0.612837
2021-07-29 06:14:54.000000 	-53.000000	55.088969	-162.314052	584.266000	-0.038294	-0.008604	0.031704	0.247343	0.201412	0.367760	-0.119516	-0.013918	-0.003437	0.048375	0.182681	0.180509	0.413567
2021-07-29 06:14:55.000000 	-52.000000	55.088969	-162.314052	584.266000	-0.040524	-0.022702	0.025130	0.342015	0.278513	0.508534	-0.174995	-0.022934	0.009318	0.046651	0.252606	0.249604	0.571873
2021-07-29 06:14:56.000000 	-51.000000	55.088969	-162.314052	584.266000	-0.042938	-0.000226	0.014678	0.359625	0.292863	0.534729	-0.191034	-0.025203	-0.012829	0.035487	0.265615	0.262461	0.601329
2021-07-29 06:14:57.000000 	-50.000000	55.088969	-162.314052	584.266000	-0.031502	-0.017327	0.012257	0.266440	0.216985	0.396181	-0.139221	-0.021914	0.006938	0.030240	0.196792	0.194457	0.445524
2021-07-29 06:14:58.000000 	-49.000000	55.088969	-162.314052	584.266000	-0.032281	-0.006255	0.010398	0.383104	0.312004	0.569666	-0.208824	-0.020828	-0.003847	0.027216	0.282964	0.279607	0.640614
2021-07-29 06:14:59.000000 	-48.000000	55.088969	-162.314052	584.266000	-0.034329	-0.021551	0.020931	0.282664	0.230213	0.420324	-0.143975	-0.020211	0.010103	0.039629	0.208781	0.206306	0.472671
2021-07-29 06:15:00.000000 	-47.000000	55.088969	-162.314052	584.266000	-0.047011	-0.000023	0.031444	0.312857	0.254811	0.465231	-0.156035	-0.018739	-0.014260	0.051423	0.231084	0.228346	0.523169
2021-07-29 06:15:01.000000 	-46.000000	55.088969	-162.314052	584.266000	-0.029346	-0.013844	0.017959	0.283252	0.230707	0.421217	-0.147842	-0.016099	0.004275	0.033135	0.209220	0.206742	0.473672
2021-07-29 06:15:02.000000 	-45.000000	55.088969	-162.314052	584.266000	-0.032735	-0.015243	0.006726	0.316946	0.258158	0.471332	-0.170653	-0.025524	0.004578	0.026015	0.234110	0.231339	0.530027
2021-07-29 06:15:03.000000 	-44.000000	55.088969	-162.314052	584.266000	-0.036784	-0.011843	0.023247	0.342369	0.278875	0.509151	-0.178286	-0.018385	0.000108	0.041179	0.252892	0.249901	0.572554
2021-07-29 06:15:04.000000 	-43.000000	55.088969	-162.314052	584.266000	-0.035595	-0.002553	0.019234	0.325376	0.265042	0.483890	-0.171267	-0.017438	-0.008382	0.035624	0.240343	0.237502	0.544146
2021-07-29 06:15:05.000000 	-42.000000	55.088969	-162.314052	584.266000	-0.035231	-0.022409	0.032554	0.301620	0.245699	0.448570	-0.150094	-0.014477	0.010647	0.049802	0.222798	0.220166	0.504427
2021-07-29 06:15:06.000000 	-41.000000	55.088969	-162.314052	584.266000	-0.044509	-0.004124	0.012116	0.373383	0.304168	0.555310	-0.199221	-0.028868	-0.009593	0.034921	0.275811	0.272554	0.624455
2021-07-29 06:15:07.000000 	-40.000000	55.088969	-162.314052	584.266000	-0.024719	-0.012818	0.015783	0.255942	0.208504	0.380655	-0.134233	-0.013474	0.004703	0.028649	0.189062	0.186831	0.428052
2021-07-29 06:15:08.000000 	-39.000000	55.088969	-162.314052	584.266000	-0.038776	-0.018300	0.011974	0.339986	0.276981	0.505663	-0.179962	-0.028001	0.005655	0.034143	0.251148	0.248186	0.568623
2021-07-29 06:15:09.000000 	-38.000000	55.088969	-162.314052	584.266000	-0.033841	-0.005057	0.014668	0.288340	0.234913	0.428858	-0.151773	-0.019305	-0.005463	0.031359	0.212999	0.210488	0.482254
2021-07-29 06:15:10.000000 	-37.000000	55.088969	-162.314052	584.266000	-0.043411	-0.016445	0.037477	0.329244	0.268247	0.489708	-0.162657	-0.016565	0.002479	0.057262	0.243219	0.240353	0.550679
2021-07-29 06:15:11.000000 	-36.000000	55.088969	-162.314052	584.266000	-0.015138	-0.001607	0.002591	0.342309	0.278901	0.509152	-0.193357	-0.010745	-0.003068	0.010658	0.252873	0.249896	0.572542
2021-07-29 06:15:12.000000 	-35.000000	55.088969	-162.314052	584.266000	-0.058404	-0.021643	0.033067	0.279051	0.227368	0.415071	-0.129917	-0.032097	0.002877	0.062724	0.206146	0.203720	0.466746
2021-07-29 06:15:13.000000 	-34.000000	55.088969	-162.314052	584.266000	-0.036144	-0.009423	0.014043	0.268012	0.218381	0.398659	-0.139045	-0.022549	-0.002003	0.032862	0.197993	0.195664	0.448289
2021-07-29 06:15:14.000000 	-33.000000	55.088969	-162.314052	584.266000	-0.026136	-0.015409	0.011474	0.350148	0.285317	0.520846	-0.189965	-0.017692	0.006741	0.026339	0.258674	0.255634	0.585686
2021-07-29 06:15:15.000000 	-32.000000	55.088969	-162.314052	584.266000	-0.042340	0.000838	0.011326	0.422448	0.344241	0.628405	-0.229211	-0.026389	-0.013662	0.032228	0.312090	0.308424	0.706634
2021-07-29 06:15:16.000000 	-31.000000	55.088969	-162.314052	584.266000	-0.031178	-0.014742	0.037592	0.225431	0.183703	0.335343	-0.105766	-0.006517	0.004573	0.050390	0.166543	0.164587	0.377088
2021-07-29 06:15:17.000000 	-30.000000	55.088969	-162.314052	584.266000	-0.044997	-0.017102	0.022114	0.347202	0.282944	0.516496	-0.178620	-0.026760	0.002623	0.045643	0.256507	0.253497	0.580790
2021-07-29 06:15:18.000000 	-29.000000	55.088969	-162.314052	584.266000	-0.032422	-0.012838	0.023508	0.314380	0.256205	0.467680	-0.163049	-0.015076	0.002381	0.039188	0.232262	0.229538	0.525896
2021-07-29 06:15:19.000000 	-28.000000	55.088969	-162.314052	584.266000	-0.038343	-0.004270	0.010803	0.363226	0.296023	0.540358	-0.195637	-0.024838	-0.007581	0.030508	0.268353	0.265208	0.607619
2021-07-29 06:15:20.000000 	-27.000000	55.088969	-162.314052	584.266000	-0.037505	-0.012884	0.021405	0.258796	0.210921	0.385009	-0.130055	-0.020262	0.000881	0.040243	0.191202	0.188962	0.432932
2021-07-29 06:15:21.000000 	-26.000000	55.088969	-162.314052	584.266000	-0.022895	-0.018124	0.008858	0.325510	0.265302	0.484269	-0.177223	-0.017333	0.010312	0.022898	0.240494	0.237679	0.544546
2021-07-29 06:15:22.000000 	-25.000000	55.088969	-162.314052	584.266000	-0.047289	-0.007067	0.019413	0.295223	0.240625	0.439220	-0.149731	-0.027596	-0.007634	0.042933	0.218121	0.215568	0.493888
2021-07-29 06:15:23.000000 	-24.000000	55.088969	-162.314052	584.266000	-0.040460	-0.009503	0.038683	0.277776	0.226413	0.413272	-0.133795	-0.011840	-0.003238	0.055434	0.205233	0.202833	0.464709
2021-07-29 06:15:24.000000 	-23.000000	55.088969	-162.314052	584.266000	-0.034718	-0.014458	-0.000725	0.383367	0.312490	0.570382	-0.211710	-0.031141	0.003228	0.020849	0.283252	0.279942	0.641371
2021-07-29 06:15:25.000000 	-22.000000	55.088969	-162.314052	584.266000	-0.031954	-0.007987	0.033968	0.316605	0.258080	0.471063	-0.160826	-0.007515	-0.002098	0.046666	0.233928	0.231196	0.529689
2021-07-29 06:15:26.000000 	-21.000000	55.088969	-162.314052	584.266000	-0.054410	-0.016885	0.034796	0.320832	0.261534	0.477362	-0.155552	-0.026802	-0.000443	0.061138	0.237054	0.234287	0.536770
2021-07-29 06:15:27.000000 	-20.000000	55.088969	-162.314052	584.266000	-0.026946	-0.004319	0.007055	0.309820	0.252566	0.460987	-0.169300	-0.018091	-0.004071	0.021228	0.228921	0.226250	0.518356
2021-07-29 06:15:28.000000 	-19.000000	55.088969	-162.314052	584.266000	-0.032632	-0.009819	0.008132	0.339603	0.276854	0.505313	-0.184004	-0.023287	-0.000559	0.026169	0.250930	0.248004	0.568196
2021-07-29 06:15:29.000000 	-18.000000	55.088969	-162.314052	584.266000	-0.042479	-0.014284	0.031159	0.239582	0.195321	0.356494	-0.113395	-0.018914	0.000704	0.051197	0.177028	0.174965	0.400856
2021-07-29 06:15:30.000000 	-17.000000	55.088969	-162.314052	584.266000	-0.036975	-0.012423	0.031588	0.355980	0.290225	0.529704	-0.182843	-0.013905	0.000603	0.048224	0.263039	0.259975	0.595619
2021-07-29 06:15:31.000000 	-16.000000	55.088969	-162.314052	584.266000	-0.037567	-0.008916	0.009799	0.290274	0.236664	0.431941	-0.153307	-0.025964	-0.002918	0.030069	0.214490	0.211993	0.485690
2021-07-29 06:15:32.000000 	-15.000000	55.088969	-162.314052	584.266000	-0.031630	-0.011809	0.020975	0.368284	0.300277	0.548036	-0.195737	-0.015650	0.001641	0.036499	0.272138	0.268971	0.616229
2021-07-29 06:15:33.000000 	-14.000000	55.088969	-162.314052	584.266000	-0.034309	-0.010456	0.008076	0.298849	0.243671	0.444720	-0.159762	-0.024788	-0.000461	0.027148	0.220833	0.218265	0.500056
2021-07-29 06:15:34.000000 	-13.000000	55.088969	-162.314052	584.266000	-0.037553	-0.014750	0.026590	0.301108	0.245522	0.448092	-0.152487	-0.017797	0.002644	0.044845	0.222505	0.219919	0.503846
2021-07-29 06:15:35.000000 	-12.000000	55.088969	-162.314052	584.266000	-0.033633	-0.002815	0.013248	0.341739	0.278661	0.508566	-0.183723	-0.019396	-0.007536	0.029692	0.252533	0.249600	0.571843
2021-07-29 06:15:36.000000 	-11.000000	55.088969	-162.314052	584.266000	-0.053971	-0.007640	0.031061	0.288753	0.235464	0.429724	-0.139339	-0.026293	-0.009118	0.056227	0.213381	0.210904	0.483190
2021-07-29 06:15:37.000000 	-10.000000	55.088969	-162.314052	584.266000	-0.022890	-0.014113	0.011049	0.330844	0.269796	0.492374	-0.179999	-0.015076	0.006492	0.023996	0.244489	0.241652	0.553633
2021-07-29 06:15:38.000000 	-9.000000	55.088969	-162.314052	584.266000	-0.036941	-0.012269	0.031257	0.311174	0.253764	0.463110	-0.156957	-0.014030	0.000467	0.047908	0.229956	0.227290	0.520726
2021-07-29 06:15:39.000000 	-8.000000	55.088969	-162.314052	584.266000	-0.044526	-0.013428	0.017830	0.318043	0.259374	0.473343	-0.163871	-0.027928	-0.000734	0.041234	0.235035	0.232312	0.532231
2021-07-29 06:15:40.000000 	-7.000000	55.088969	-162.314052	584.266000	-0.032343	-0.011387	0.010092	0.316078	0.257781	0.470428	-0.169498	-0.022330	0.001023	0.027891	0.233587	0.230881	0.528952
2021-07-29 06:15:41.000000 	-6.000000	55.088969	-162.314052	584.266000	-0.048932	-0.010944	0.047990	0.304318	0.248199	0.452936	-0.142967	-0.013491	-0.004439	0.067937	0.224899	0.222296	0.509282
2021-07-29 06:15:42.000000 	-5.000000	55.088969	-162.314052	584.266000	-0.031296	-0.011333	0.012381	0.328335	0.267796	0.488692	-0.176051	-0.020189	0.001290	0.029188	0.242652	0.239845	0.549484
2021-07-29 06:15:43.000000 	-4.000000	55.088969	-162.314052	584.266000	-0.041492	-0.011468	0.015744	0.358488	0.292399	0.533583	-0.189367	-0.026264	-0.001679	0.037528	0.264940	0.261876	0.599957
2021-07-29 06:15:44.000000 	-3.000000	55.088969	-162.314052	584.266000	-0.043216	-0.013803	0.028531	0.288227	0.235099	0.429014	-0.142697	-0.020874	0.000022	0.049360	0.213017	0.210555	0.482379
2021-07-29 06:15:45.000000 	-2.000000	55.088969	-162.314052	584.266000	-0.025898	-0.006185	0.001445	0.328285	0.267782	0.488648	-0.182332	-0.020947	-0.001975	0.016382	0.242625	0.239823	0.549429
2021-07-29 06:15:46.000000 	-1.000000	55.088969	-162.314052	584.266000	-0.039640	-0.003261	0.031850	0.316055	0.257815	0.470454	-0.159712	-0.013555	-0.008936	0.048300	0.233590	0.230893	0.528971
2021-07-29 06:15:47.000000 	0.000000	55.088969	-162.314052	584.266000	-0.027759	-0.016903	0.025351	0.356011	0.290418	0.529940	-0.187366	-0.011390	0.007671	0.038864	0.263124	0.260088	0.595854
2021-07-29 06:15:48.000000 	1.000000	55.088969	-162.314052	584.266000	-0.041821	-0.012579	0.012081	0.272121	0.221992	0.405074	-0.140174	-0.028894	-0.000721	0.034897	0.201125	0.198806	0.455456
2021-07-29 06:15:49.000000 	2.000000	55.088969	-162.314052	584.266000	-0.037819	-0.007222	0.017255	0.285265	0.232722	0.424648	-0.147664	-0.021471	-0.004609	0.036026	0.210843	0.208413	0.477464
2021-07-29 06:15:50.000000 	3.000000	55.088969	-162.314052	584.266000	-0.043540	-0.012454	0.045162	0.345286	0.281698	0.514008	-0.169401	-0.011273	-0.001362	0.062941	0.255209	0.252269	0.577935
2021-07-29 06:15:51.000000 	4.000000	55.088969	-162.314052	584.266000	-0.024306	-0.007937	0.000993	0.316453	0.258184	0.471095	-0.175896	-0.020399	0.000177	0.015447	0.233901	0.231208	0.529684
2021-07-29 06:15:52.000000 	5.000000	55.088969	-162.314052	584.266000	-0.043830	-0.006045	0.012502	0.316439	0.258182	0.471085	-0.165988	-0.028595	-0.007556	0.035202	0.233894	0.231203	0.529670
2021-07-29 06:15:53.000000 	6.000000	55.088969	-162.314052	584.266000	-0.048914	-0.018593	0.029767	0.315181	0.257164	0.469222	-0.155729	-0.025812	0.002854	0.054313	0.232968	0.230289	0.527574
2021-07-29 06:15:54.000000 	7.000000	55.088969	-162.314052	584.266000	-0.019766	-0.007617	0.008938	0.250820	0.204657	0.373413	-0.135976	-0.012225	0.001252	0.019431	0.185398	0.183267	0.419849
2021-07-29 06:15:55.000000 	8.000000	55.088969	-162.314052	584.266000	-0.030361	-0.007542	0.024971	0.318864	0.260187	0.474724	-0.166295	-0.011308	-0.002038	0.038343	0.235697	0.232990	0.533758
2021-07-29 06:15:56.000000 	9.000000	55.088969	-162.314052	584.266000	-0.044454	-0.013099	0.028576	0.360284	0.293995	0.536401	-0.184424	-0.021640	-0.001025	0.049950	0.266317	0.263260	0.603102
2021-07-29 06:15:57.000000 	10.000000	55.088969	-162.314052	584.266000	-0.045039	-0.018964	0.019469	0.306049	0.249747	0.455664	-0.155484	-0.028771	0.004385	0.043820	0.226231	0.223636	0.512324
2021-07-29 06:15:58.000000 	11.000000	55.088969	-162.314052	584.266000	-0.028196	-0.003627	0.025373	0.333924	0.272504	0.497176	-0.175873	-0.008412	-0.005111	0.036812	0.246840	0.244009	0.558996
2021-07-29 06:15:59.000000 	12.000000	55.088969	-162.314052	584.266000	-0.043751	-0.019457	0.017557	0.356523	0.290956	0.530834	-0.185992	-0.028981	0.005246	0.041636	0.263549	0.260529	0.596837
2021-07-29 06:16:00.000000 	13.000000	55.088969	-162.314052	584.266000	-0.036755	-0.008547	0.022339	0.270739	0.220955	0.403116	-0.137419	-0.018061	-0.003023	0.039846	0.200139	0.197846	0.453238
2021-07-29 06:16:01.000000 	14.000000	55.088969	-162.314052	584.266000	-0.035956	-0.004134	0.023253	0.307579	0.251031	0.457980	-0.159195	-0.015814	-0.006984	0.039393	0.227376	0.224773	0.514922
2021-07-29 06:16:02.000000 	15.000000	55.088969	-162.314052	584.266000	-0.039458	-0.009459	0.017410	0.313982	0.256265	0.467523	-0.163654	-0.023221	-0.002975	0.037436	0.232113	0.229457	0.525649
2021-07-29 06:16:03.000000 	16.000000	55.088969	-162.314052	584.266000	-0.036989	-0.016386	0.025489	0.308761	0.252012	0.459758	-0.157410	-0.018393	0.004374	0.043920	0.228256	0.225646	0.516918
2021-07-29 06:16:04.000000 	17.000000	55.088969	-162.314052	584.266000	-0.033484	-0.010576	0.018503	0.337719	0.275658	0.502889	-0.178646	-0.018206	-0.000097	0.035269	0.249668	0.246815	0.565409
2021-07-29 06:16:05.000000 	18.000000	55.088969	-162.314052	584.266000	-0.037775	-0.015472	0.011142	0.295062	0.240848	0.439378	-0.154851	-0.026991	0.003265	0.032424	0.218136	0.215644	0.494001
2021-07-29 06:16:06.000000 	19.000000	55.088969	-162.314052	584.266000	-0.044712	0.000441	0.033269	0.305552	0.249419	0.455007	-0.151907	-0.015783	-0.014004	0.051585	0.225894	0.223315	0.511571
2021-07-29 06:16:07.000000 	20.000000	55.088969	-162.314052	584.266000	-0.036023	-0.017864	0.023317	0.326233	0.266311	0.485815	-0.168541	-0.019251	0.006076	0.041868	0.241188	0.238436	0.546207
2021-07-29 06:16:08.000000 	21.000000	55.088969	-162.314052	584.266000	-0.025006	-0.013949	0.004834	0.339873	0.277455	0.506137	-0.187183	-0.020245	0.005693	0.020024	0.251276	0.248410	0.569054
2021-07-29 06:16:09.000000 	22.000000	55.088969	-162.314052	584.266000	-0.036002	-0.002407	0.022738	0.304650	0.248709	0.453692	-0.157860	-0.015715	-0.008645	0.038695	0.225238	0.222671	0.510088
2021-07-29 06:16:10.000000 	23.000000	55.088969	-162.314052	584.266000	-0.036874	-0.015293	0.024586	0.303177	0.247515	0.451508	-0.154688	-0.018548	0.003368	0.042926	0.224153	0.221599	0.507631
2021-07-29 06:16:11.000000 	24.000000	55.088969	-162.314052	584.266000	-0.035407	-0.000092	0.001300	0.314023	0.256379	0.467670	-0.172002	-0.026942	-0.010669	0.020388	0.232175	0.229532	0.525800
2021-07-29 06:16:12.000000 	25.000000	55.088969	-162.314052	584.266000	-0.037741	-0.020129	0.021551	0.350401	0.286089	0.521857	-0.182556	-0.022167	0.007712	0.041751	0.259075	0.256127	0.586721
2021-07-29 06:16:13.000000 	26.000000	55.088969	-162.314052	584.266000	-0.037701	-0.006561	0.021099	0.284219	0.232062	0.423301	-0.145714	-0.019014	-0.005202	0.039000	0.210146	0.207756	0.475913
2021-07-29 06:16:14.000000 	27.000000	55.088969	-162.314052	584.266000	-0.042758	-0.019039	0.040305	0.294504	0.240468	0.438627	-0.141309	-0.015082	0.005149	0.059676	0.217754	0.215279	0.493142
2021-07-29 06:16:15.000000 	28.000000	55.088969	-162.314052	584.266000	-0.041109	-0.013086	0.027168	0.350484	0.286187	0.522013	-0.180280	-0.019830	-0.000021	0.046969	0.259149	0.256205	0.586890
2021-07-29 06:16:16.000000 	29.000000	55.088969	-162.314052	584.266000	-0.042459	-0.005184	0.025242	0.345316	0.281976	0.514325	-0.178450	-0.020018	-0.007960	0.044752	0.255331	0.252433	0.578245
2021-07-29 06:16:17.000000 	30.000000	55.088969	-162.314052	584.266000	-0.025340	-0.011682	-0.002534	0.251915	0.205714	0.375218	-0.138994	-0.024158	0.003432	0.013770	0.186272	0.184159	0.421849
2021-07-29 06:16:18.000000 	31.000000	55.088969	-162.314052	584.266000	-0.031304	-0.005516	0.019264	0.353604	0.288764	0.526691	-0.188757	-0.014807	-0.004255	0.033825	0.261468	0.258503	0.592144
2021-07-29 06:16:19.000000 	32.000000	55.088969	-162.314052	584.266000	-0.039296	-0.008549	0.030484	0.344746	0.281540	0.513507	-0.176631	-0.015385	-0.003793	0.047911	0.254922	0.252033	0.577320
2021-07-29 06:16:20.000000 	33.000000	55.088969	-162.314052	584.266000	-0.047752	-0.015116	0.029150	0.275953	0.225368	0.411047	-0.133846	-0.024391	-0.000105	0.052569	0.204057	0.201745	0.462125
2021-07-29 06:16:21.000000 	34.000000	55.088969	-162.314052	584.266000	-0.034673	-0.012851	0.018703	0.357511	0.291985	0.532542	-0.189542	-0.019587	0.001710	0.036477	0.264370	0.261376	0.598717
2021-07-29 06:16:22.000000 	35.000000	55.088969	-162.314052	584.266000	-0.035192	-0.008197	0.022215	0.291031	0.237699	0.433524	-0.149831	-0.016824	-0.002882	0.038831	0.215213	0.212778	0.487393
2021-07-29 06:16:23.000000 	36.000000	55.088969	-162.314052	584.266000	-0.038587	-0.009190	0.024176	0.294026	0.240153	0.437994	-0.149724	-0.018601	-0.002967	0.042463	0.217431	0.214972	0.492416
2021-07-29 06:16:24.000000 	37.000000	55.088969	-162.314052	584.266000	-0.043444	-0.018926	0.032347	0.365346	0.298416	0.544247	-0.185604	-0.020144	0.004834	0.053504	0.270177	0.267123	0.611870
2021-07-29 06:16:25.000000 	38.000000	55.088969	-162.314052	584.266000	-0.027896	-0.009343	0.026570	0.267589	0.218575	0.398628	-0.136394	-0.008916	0.000427	0.038623	0.197888	0.195652	0.448156
2021-07-29 06:16:26.000000 	39.000000	55.088969	-162.314052	584.266000	-0.039740	-0.000519	0.013574	0.355187	0.290139	0.529134	-0.190008	-0.023409	-0.011579	0.032889	0.262673	0.259707	0.594875
2021-07-29 06:16:27.000000 	40.000000	55.088969	-162.314052	584.266000	-0.035103	-0.017627	0.008810	0.326920	0.267058	0.487034	-0.174887	-0.026775	0.006130	0.029429	0.241773	0.239044	0.547542
2021-07-29 06:16:28.000000 	41.000000	55.088969	-162.314052	584.266000	-0.044276	-0.008191	0.034822	0.253514	0.207101	0.377684	-0.120296	-0.016704	-0.005647	0.054122	0.187488	0.185374	0.424605
2021-07-29 06:16:29.000000 	42.000000	55.088969	-162.314052	584.266000	-0.032877	-0.008601	0.024880	0.369572	0.301921	0.550596	-0.195101	-0.013591	-0.001793	0.039824	0.273324	0.270243	0.618998
2021-07-29 06:16:30.000000 	43.000000	55.088969	-162.314052	584.266000	-0.035671	-0.011331	0.024197	0.311228	0.254266	0.463684	-0.160365	-0.016844	-0.000042	0.041262	0.230179	0.227586	0.521287
2021-07-29 06:16:31.000000 	44.000000	55.088969	-162.314052	584.266000	-0.042186	-0.011484	0.019359	0.306641	0.250527	0.456858	-0.157667	-0.024741	-0.001875	0.040874	0.226790	0.224236	0.513611
2021-07-29 06:16:32.000000 	45.000000	55.088969	-162.314052	584.266000	-0.035536	-0.004136	0.019609	0.304821	0.249049	0.454155	-0.159216	-0.017572	-0.006855	0.036175	0.225447	0.222910	0.510571
2021-07-29 06:16:33.000000 	46.000000	55.088969	-162.314052	584.266000	-0.029812	-0.012526	0.031832	0.352752	0.288221	0.525579	-0.182962	-0.008195	0.002877	0.044536	0.260902	0.257968	0.590865
2021-07-29 06:16:34.000000 	47.000000	55.088969	-162.314052	584.266000	-0.045173	-0.007508	0.017951	0.268757	0.219599	0.400439	-0.135571	-0.026890	-0.006571	0.040657	0.198781	0.196546	0.450179
2021-07-29 06:16:35.000000 	48.000000	55.088969	-162.314052	584.266000	-0.031309	-0.004359	0.016149	0.315993	0.258204	0.470828	-0.168269	-0.016305	-0.005359	0.031072	0.233722	0.231096	0.529310
2021-07-29 06:16:36.000000 	49.000000	55.088969	-162.314052	584.266000	-0.045380	-0.018656	0.029752	0.319269	0.260891	0.475719	-0.159268	-0.023076	0.003988	0.052385	0.236149	0.233497	0.534807
2021-07-29 06:16:37.000000 	50.000000	55.088969	-162.314052	584.266000	-0.025282	-0.012595	0.009903	0.332045	0.271340	0.494765	-0.180831	-0.017223	0.004319	0.024096	0.245603	0.242847	0.556217
2021-07-29 06:16:38.000000 	51.000000	55.088969	-162.314052	584.266000	-0.031361	-0.004073	0.019546	0.262429	0.214459	0.391041	-0.135770	-0.014330	-0.005646	0.033836	0.194113	0.191936	0.439608
2021-07-29 06:16:39.000000 	52.000000	55.088969	-162.314052	584.266000	-0.041704	-0.011239	0.029701	0.341478	0.279068	0.508841	-0.174134	-0.018385	-0.001962	0.049049	0.252589	0.249757	0.572036
2021-07-29 06:16:40.000000 	53.000000	55.088969	-162.314052	584.266000	-0.045127	-0.020149	0.018362	0.325842	0.266300	0.485551	-0.167405	-0.029768	0.005487	0.043167	0.241027	0.238326	0.545852
2021-07-29 06:16:41.000000 	54.000000	55.088969	-162.314052	584.266000	-0.023310	-0.010173	0.019546	0.235040	0.192097	0.350250	-0.121458	-0.009560	0.002610	0.030507	0.173864	0.171916	0.393747
2021-07-29 06:16:42.000000 	55.000000	55.088969	-162.314052	584.266000	-0.039419	-0.006549	0.029528	0.398417	0.325636	0.593721	-0.208480	-0.015530	-0.005736	0.046846	0.294721	0.291423	0.667452
2021-07-29 06:16:43.000000 	56.000000	55.088969	-162.314052	584.266000	-0.043842	-0.007297	0.030577	0.226522	0.185149	0.337570	-0.106408	-0.018572	-0.006367	0.050249	0.167568	0.165694	0.379490
2021-07-29 06:16:44.000000 	57.000000	55.088969	-162.314052	584.266000	-0.030992	-0.016036	0.033762	0.376431	0.307687	0.560978	-0.195281	-0.008886	0.005863	0.047373	0.278467	0.275353	0.630639
2021-07-29 06:16:45.000000 	58.000000	55.088969	-162.314052	584.266000	-0.047916	-0.007304	0.017567	0.383952	0.313846	0.572198	-0.202230	-0.029202	-0.007598	0.041802	0.284035	0.280861	0.643249
2021-07-29 06:16:46.000000 	59.000000	55.088969	-162.314052	584.266000	-0.023877	-0.015843	0.023075	0.259169	0.211855	0.386243	-0.133277	-0.009396	0.007840	0.034696	0.191728	0.189587	0.434202
2021-07-29 06:16:47.000000 	60.000000	55.088969	-162.314052	584.266000	-0.043832	-0.014651	0.017279	0.304904	0.249250	0.454412	-0.156645	-0.028006	0.000642	0.040616	0.225566	0.223048	0.510834
2021-07-29 06:16:48.000000 	61.000000	55.088969	-162.314052	584.266000	-0.038269	-0.002442	0.024943	0.306729	0.250750	0.457140	-0.157640	-0.016233	-0.009299	0.041746	0.226920	0.224388	0.513899
2021-07-29 06:16:49.000000 	62.000000	55.088969	-162.314052	584.266000	-0.029240	-0.010127	0.017300	0.316368	0.258639	0.471515	-0.168049	-0.015467	0.000765	0.031890	0.234055	0.231445	0.530057
2021-07-29 06:16:50.000000 	63.000000	55.088969	-162.314052	584.266000	-0.041595	-0.015725	0.034905	0.327194	0.267500	0.487660	-0.163328	-0.016438	0.002345	0.054037	0.242069	0.239371	0.548205
2021-07-29 06:16:51.000000 	64.000000	55.088969	-162.314052	584.266000	-0.037515	-0.014785	0.016846	0.348612	0.285020	0.519591	-0.184153	-0.023352	0.002689	0.036840	0.257919	0.255046	0.584098
2021-07-29 06:16:52.000000 	65.000000	55.088969	-162.314052	584.266000	-0.048168	-0.000373	0.036049	0.302551	0.247370	0.450948	-0.148061	-0.017095	-0.014278	0.055891	0.223845	0.221353	0.506931
2021-07-29 06:16:53.000000 	66.000000	55.088969	-162.314052	584.266000	-0.028746	-0.009845	0.018509	0.314803	0.257397	0.469218	-0.166842	-0.014319	0.000647	0.032564	0.232913	0.230322	0.527468
2021-07-29 06:16:54.000000 	67.000000	55.088969	-162.314052	584.266000	-0.047552	-0.022277	0.038029	0.345184	0.282248	0.514512	-0.170139	-0.020938	0.006778	0.060986	0.255396	0.252556	0.578383
2021-07-29 06:16:55.000000 	68.000000	55.088969	-162.314052	584.266000	-0.037070	-0.001750	0.003073	0.301918	0.246879	0.450030	-0.163718	-0.027639	-0.009594	0.023037	0.223388	0.220905	0.505895
2021-07-29 06:16:56.000000 	69.000000	55.088969	-162.314052	584.266000	-0.031082	-0.003016	0.023584	0.356892	0.291842	0.531982	-0.189378	-0.011538	-0.006569	0.036812	0.264068	0.261134	0.598018
2021-07-29 06:16:57.000000 	70.000000	55.088969	-162.314052	584.266000	-0.045194	-0.019671	0.046193	0.268647	0.219689	0.400452	-0.123172	-0.013774	0.005011	0.065942	0.198778	0.196571	0.450159
2021-07-29 06:16:58.000000 	71.000000	55.088969	-162.314052	584.266000	-0.036783	-0.009069	0.008730	0.301656	0.246691	0.449665	-0.160769	-0.026001	-0.002534	0.028791	0.223206	0.220729	0.505479
2021-07-29 06:16:59.000000 	72.000000	55.088969	-162.314052	584.266000	-0.034289	-0.007988	0.019260	0.330021	0.269898	0.491957	-0.174072	-0.017757	-0.002806	0.035879	0.244199	0.241490	0.553018
2021-07-29 06:17:00.000000 	73.000000	55.088969	-162.314052	584.266000	-0.036934	-0.012788	0.033253	0.290804	0.237834	0.433505	-0.144442	-0.013011	0.000963	0.049630	0.215184	0.212799	0.487310
2021-07-29 06:17:01.000000 	74.000000	55.088969	-162.314052	584.266000	-0.049819	-0.017733	0.045648	0.374213	0.306061	0.557854	-0.183946	-0.017216	0.001759	0.067681	0.276908	0.273841	0.627091
2021-07-29 06:17:02.000000 	75.000000	55.088969	-162.314052	584.266000	-0.032258	-0.003655	0.015679	0.257557	0.210658	0.383958	-0.134276	-0.017140	-0.006318	0.031082	0.190590	0.188479	0.431611
2021-07-29 06:17:03.000000 	76.000000	55.088969	-162.314052	584.266000	-0.035553	-0.011376	0.011665	0.332624	0.272066	0.495874	-0.177823	-0.023935	0.000037	0.030930	0.246142	0.243418	0.557415
2021-07-29 06:17:04.000000 	77.000000	55.088969	-162.314052	584.266000	-0.022447	-0.003765	0.012762	0.372602	0.304777	0.555485	-0.205085	-0.011171	-0.003232	0.023359	0.275732	0.272682	0.624421
2021-07-29 06:17:05.000000 	78.000000	55.088969	-162.314052	584.266000	-0.048863	-0.014416	0.027990	0.258920	0.211796	0.386011	-0.124150	-0.025749	-0.001110	0.052102	0.191608	0.189490	0.433914
2021-07-29 06:17:06.000000 	79.000000	55.088969	-162.314052	584.266000	-0.025894	-0.011152	0.012364	0.350990	0.287119	0.523284	-0.190971	-0.015933	0.002759	0.026196	0.259747	0.256877	0.588219
2021-07-29 06:17:07.000000 	80.000000	55.088969	-162.314052	584.266000	-0.045504	-0.014303	0.038441	0.282279	0.230920	0.420852	-0.134783	-0.017115	-0.000197	0.058821	0.208902	0.206595	0.473075
2021-07-29 06:17:08.000000 	81.000000	55.088969	-162.314052	584.266000	-0.030672	-0.004459	0.003789	0.402313	0.329126	0.599822	-0.223567	-0.022906	-0.005070	0.020606	0.297739	0.294453	0.674252
2021-07-29 06:17:09.000000 	82.000000	55.088969	-162.314052	584.266000	-0.038208	-0.017912	0.027741	0.275171	0.225121	0.410269	-0.136575	-0.018437	0.005458	0.046696	0.203649	0.201402	0.461176
2021-07-29 06:17:10.000000 	83.000000	55.088969	-162.314052	584.266000	-0.054212	-0.008203	0.013534	0.284000	0.232353	0.423442	-0.143276	-0.036653	-0.008655	0.042084	0.210188	0.207870	0.475982
2021-07-29 06:17:11.000000 	84.000000	55.088969	-162.314052	584.266000	-0.035055	-0.020733	0.021305	0.322120	0.263550	0.480286	-0.167028	-0.020360	0.009103	0.040190	0.238404	0.235777	0.539877
2021-07-29 06:17:12.000000 	85.000000	55.088969	-162.314052	584.266000	-0.041222	-0.010164	0.010244	0.215312	0.176169	0.321040	-0.108180	-0.028876	-0.002840	0.032644	0.159357	0.157602	0.360871
2021-07-29 06:17:13.000000 	86.000000	55.088969	-162.314052	584.266000	-0.033740	-0.000661	0.021663	0.384182	0.314351	0.572844	-0.205565	-0.014127	-0.009621	0.036276	0.284347	0.281217	0.643914
2021-07-29 06:17:14.000000 	87.000000	55.088969	-162.314052	584.266000	-0.044502	-0.016013	0.025556	0.345186	0.282453	0.514708	-0.176699	-0.024132	0.001737	0.048006	0.255490	0.252679	0.578564
2021-07-29 06:17:15.000000 	88.000000	55.088969	-162.314052	584.266000	-0.052643	-0.009894	0.028805	0.265299	0.217093	0.395596	-0.126876	-0.027109	-0.006567	0.054045	0.196365	0.194206	0.444673
2021-07-29 06:17:16.000000 	89.000000	55.088969	-162.314052	584.266000	-0.036126	-0.011311	0.016955	0.330804	0.270704	0.493280	-0.174601	-0.021339	-0.000199	0.035569	0.244854	0.242163	0.554474
2021-07-29 06:17:17.000000 	90.000000	55.088969	-162.314052	584.266000	-0.030759	-0.009232	0.022294	0.302194	0.247301	0.450627	-0.157589	-0.013572	-0.000549	0.036659	0.223681	0.221224	0.506527
2021-07-29 06:17:18.000000 	91.000000	55.088969	-162.314052	584.266000	-0.039639	-0.007475	0.032712	0.297788	0.243705	0.444065	-0.148559	-0.014110	-0.004920	0.049738	0.220425	0.218005	0.499150
2021-07-29 06:17:19.000000 	92.000000	55.088969	-162.314052	584.266000	-0.028197	0.008202	0.013269	0.315198	0.257962	0.470035	-0.171055	-0.012392	-0.016380	0.024830	0.233315	0.230755	0.528339
2021-07-29 06:17:20.000000 	93.000000	55.088969	-162.314052	584.266000	-0.055379	-0.020073	0.044037	0.311533	0.254971	0.464578	-0.146137	-0.023065	0.002300	0.069798	0.230607	0.228078	0.522204
2021-07-29 06:17:21.000000 	94.000000	55.088969	-162.314052	584.266000	-0.039436	-0.007500	0.035666	0.332039	0.271764	0.495167	-0.167415	-0.012268	-0.004835	0.052054	0.245791	0.243097	0.556586
2021-07-29 06:17:22.000000 	95.000000	55.088969	-162.314052	584.266000	-0.021537	-0.012862	0.003869	0.314425	0.257357	0.468908	-0.174042	-0.017817	0.005711	0.017153	0.232756	0.230206	0.527067
2021-07-29 06:17:23.000000 	96.000000	55.088969	-162.314052	584.266000	-0.045103	-0.016102	0.019432	0.322333	0.263839	0.480710	-0.165561	-0.028128	0.001638	0.043327	0.238615	0.236002	0.540331
2021-07-29 06:17:24.000000 	97.000000	55.088969	-162.314052	584.266000	-0.027130	-0.009845	0.047159	0.308337	0.252392	0.459845	-0.151990	0.003341	0.001137	0.055176	0.228258	0.225760	0.516877
2021-07-29 06:17:25.000000 	98.000000	55.088969	-162.314052	584.266000	-0.045525	-0.016435	0.029194	0.308248	0.252329	0.459721	-0.153404	-0.022954	0.001828	0.051621	0.228197	0.225701	0.516735
2021-07-29 06:17:26.000000 	99.000000	55.088969	-162.314052	584.266000	-0.031454	-0.012595	0.033513	0.362751	0.296956	0.541017	-0.187832	-0.008532	0.002444	0.046822	0.268551	0.265615	0.608112
2021-07-29 06:17:27.000000 	100.000000	55.088969	-162.314052	584.266000	-0.047335	-0.021438	0.023629	0.271803	0.222512	0.405382	-0.133073	-0.028800	0.006044	0.048914	0.201224	0.199025	0.455654
2021-07-29 06:17:28.000000 	101.000000	55.088969	-162.314052	584.266000	-0.040287	0.006938	0.010421	0.327185	0.267860	0.487990	-0.175548	-0.023783	-0.018849	0.029306	0.242230	0.239584	0.548504
2021-07-29 06:17:29.000000 	102.000000	55.088969	-162.314052	584.266000	-0.029301	-0.021267	0.030818	0.316907	0.259455	0.472669	-0.161795	-0.010553	0.011360	0.044946	0.234625	0.232064	0.531282
2021-07-29 06:17:30.000000 	103.000000	55.088969	-162.314052	584.266000	-0.041815	-0.011859	0.037190	0.369679	0.302671	0.551390	-0.187664	-0.014340	-0.001405	0.055358	0.273701	0.270715	0.619762
2021-07-29 06:17:31.000000 	104.000000	55.088969	-162.314052	584.266000	-0.037583	-0.011978	0.018243	0.284430	0.232883	0.424246	-0.146605	-0.021906	-0.000005	0.037535	0.210589	0.208293	0.476850
2021-07-29 06:17:32.000000 	105.000000	55.088969	-162.314052	584.266000	-0.041839	-0.007925	0.013081	0.291062	0.238322	0.434145	-0.151615	-0.027175	-0.005160	0.034918	0.215503	0.213154	0.487975
2021-07-29 06:17:33.000000 	106.000000	55.088969	-162.314052	584.266000	-0.034793	-0.004194	0.015432	0.277850	0.227512	0.414446	-0.145491	-0.019396	-0.006574	0.032355	0.205725	0.203484	0.465832
2021-07-29 06:17:34.000000 	107.000000	55.088969	-162.314052	584.266000	-0.033659	-0.007510	0.049008	0.329672	0.269955	0.491752	-0.162219	-0.000120	-0.003071	0.059847	0.244099	0.241442	0.552722
2021-07-29 06:17:35.000000 	108.000000	55.088969	-162.314052	584.266000	-0.035638	-0.009395	0.006381	0.340025	0.278444	0.507205	-0.184458	-0.026532	-0.001876	0.026298	0.251770	0.249031	0.570088
2021-07-29 06:17:36.000000 	109.000000	55.088969	-162.314052	584.266000	-0.026146	-0.001345	0.019948	0.280945	0.230072	0.419085	-0.148271	-0.009346	-0.006662	0.030848	0.208029	0.205766	0.471041
2021-07-29 06:17:37.000000 	110.000000	55.088969	-162.314052	584.266000	-0.045551	-0.019496	0.052381	0.288185	0.236009	0.429892	-0.132125	-0.010467	0.004736	0.071182	0.213394	0.211074	0.483187
2021-07-29 06:17:38.000000 	111.000000	55.088969	-162.314052	584.266000	-0.028564	-0.007940	0.018584	0.381180	0.312179	0.568624	-0.205823	-0.013659	-0.001112	0.032194	0.282259	0.279193	0.639115
2021-07-29 06:17:39.000000 	112.000000	55.088969	-162.314052	584.266000	-0.045801	-0.005225	0.025821	0.335205	0.274537	0.500051	-0.171594	-0.022308	-0.008936	0.047056	0.248220	0.245525	0.562039
2021-07-29 06:17:40.000000 	113.000000	55.088969	-162.314052	584.266000	-0.046596	-0.015596	0.031391	0.265707	0.217625	0.396382	-0.127476	-0.022325	0.000703	0.053860	0.196761	0.194625	0.445518
2021-07-29 06:17:41.000000 	114.000000	55.088969	-162.314052	584.266000	-0.032550	-0.015625	0.015987	0.331617	0.271618	0.494716	-0.176053	-0.020174	0.004997	0.033575	0.245574	0.242910	0.556039
2021-07-29 06:17:42.000000 	115.000000	55.088969	-162.314052	584.266000	-0.044228	-0.015292	0.037416	0.323491	0.264972	0.482602	-0.159632	-0.016951	0.001132	0.057457	0.239560	0.236963	0.542421
2021-07-29 06:17:43.000000 	116.000000	55.088969	-162.314052	584.266000	-0.036889	0.001030	0.013982	0.363719	0.297934	0.542625	-0.196042	-0.020562	-0.012189	0.031401	0.269356	0.266438	0.609882
2021-07-29 06:17:44.000000 	117.000000	55.088969	-162.314052	584.266000	-0.035659	-0.021284	0.028006	0.286012	0.234290	0.426704	-0.143207	-0.017134	0.009445	0.046110	0.211814	0.209520	0.479591
2021-07-29 06:17:45.000000 	118.000000	55.088969	-162.314052	584.266000	-0.044475	-0.006622	0.047209	0.270195	0.221342	0.403113	-0.125354	-0.009380	-0.007203	0.064114	0.200104	0.197938	0.453075
2021-07-29 06:17:46.000000 	119.000000	55.088969	-162.314052	584.266000	-0.021458	-0.013321	0.001183	0.351500	0.287957	0.524423	-0.196697	-0.019407	0.006172	0.014986	0.260323	0.257506	0.589418
2021-07-29 06:17:47.000000 	120.000000	55.088969	-162.314052	584.266000	-0.041908	-0.002800	0.036801	0.282305	0.231279	0.421195	-0.137739	-0.012378	-0.010064	0.053516	0.209081	0.206820	0.473394
2021-07-29 06:17:48.000000 	121.000000	55.088969	-162.314052	584.266000	-0.058484	-0.020380	0.045175	0.335816	0.275129	0.501042	-0.159035	-0.024916	0.001650	0.072478	0.248718	0.246030	0.563135
2021-07-29 06:17:49.000000 	122.000000	55.088969	-162.314052	584.266000	-0.023819	-0.018656	0.005014	0.339959	0.278533	0.507232	-0.187214	-0.020388	0.010538	0.020343	0.251791	0.249071	0.570089
2021-07-29 06:17:50.000000 	123.000000	55.088969	-162.314052	584.266000	-0.036291	-0.009952	0.033174	0.296906	0.243268	0.443003	-0.148659	-0.011848	-0.001543	0.048723	0.219908	0.217534	0.497899
2021-07-29 06:17:51.000000 	124.000000	55.088969	-162.314052	584.266000	-0.033180	-0.003314	0.023200	0.310842	0.254696	0.463805	-0.162290	-0.013471	-0.006923	0.037693	0.230235	0.227750	0.521277
2021-07-29 06:17:52.000000 	125.000000	55.088969	-162.314052	584.266000	-0.049611	-0.014232	0.028992	0.303080	0.248345	0.452231	-0.149562	-0.025714	-0.001513	0.053299	0.224490	0.222069	0.508267
2021-07-29 06:17:53.000000 	126.000000	55.088969	-162.314052	584.266000	-0.037567	0.000494	0.012272	0.335311	0.274766	0.500332	-0.179929	-0.022204	-0.011884	0.030461	0.248369	0.245691	0.562326
2021-07-29 06:17:54.000000 	127.000000	55.088969	-162.314052	584.266000	-0.034570	-0.016172	0.025901	0.302988	0.248288	0.452109	-0.154902	-0.016214	0.004905	0.042901	0.224431	0.222013	0.508126
2021-07-29 06:17:55.000000 	128.000000	55.088969	-162.314052	584.266000	-0.040121	-0.008099	0.033064	0.317337	0.260057	0.473529	-0.159741	-0.014441	-0.004472	0.050399	0.235065	0.232533	0.532198
2021-07-29 06:17:56.000000 	129.000000	55.088969	-162.314052	584.266000	-0.047905	-0.007086	0.026721	0.335383	0.274856	0.500465	-0.170600	-0.023900	-0.007803	0.049265	0.248437	0.245763	0.562470
2021-07-29 06:17:57.000000 	130.000000	55.088969	-162.314052	584.266000	-0.044049	-0.016575	0.037635	0.311275	0.255108	0.464499	-0.152372	-0.017006	0.002409	0.057762	0.230584	0.228103	0.522046
2021-07-29 06:17:58.000000 	131.000000	55.088969	-162.314052	584.266000	-0.031122	-0.007280	-0.000281	0.286517	0.234826	0.427561	-0.157391	-0.026290	-0.002519	0.018005	0.212248	0.209966	0.480530
2021-07-29 06:17:59.000000 	132.000000	55.088969	-162.314052	584.266000	-0.045491	-0.017334	0.030608	0.285662	0.234134	0.426292	-0.139657	-0.022343	0.002695	0.052918	0.211619	0.209344	0.479102
2021-07-29 06:18:00.000000 	133.000000	55.088969	-162.314052	584.266000	-0.062455	-0.011244	0.015458	0.351485	0.288095	0.524529	-0.179386	-0.042750	-0.008261	0.048685	0.260386	0.257589	0.589507
2021-07-29 06:18:01.000000 	134.000000	55.088969	-162.314052	584.266000	-0.028939	-0.011001	0.028346	0.331344	0.271596	0.494480	-0.172599	-0.009128	0.001690	0.040936	0.245470	0.242835	0.555733
2021-07-29 06:18:02.000000 	135.000000	55.088969	-162.314052	584.266000	-0.036475	-0.010908	0.029791	0.338024	0.277082	0.504458	-0.173869	-0.014165	-0.000688	0.046215	0.250424	0.247737	0.566945
2021-07-29 06:18:03.000000 	136.000000	55.088969	-162.314052	584.266000	-0.036791	-0.010815	0.018740	0.272379	0.223281	0.406499	-0.139830	-0.020714	-0.000874	0.037308	0.201796	0.199632	0.456850
2021-07-29 06:18:04.000000 	137.000000	55.088969	-162.314052	584.266000	-0.035886	0.008350	0.025449	0.373825	0.306451	0.557905	-0.198392	-0.011392	-0.018858	0.038985	0.276958	0.273990	0.627007
2021-07-29 06:18:05.000000 	138.000000	55.088969	-162.314052	584.266000	-0.027669	-0.005735	0.028300	0.272632	0.223504	0.406890	-0.139328	-0.006850	-0.002942	0.039291	0.201991	0.199827	0.457286
2021-07-29 06:18:06.000000 	139.000000	55.088969	-162.314052	584.266000	-0.042669	-0.013645	0.039126	0.260952	0.213937	0.389465	-0.123106	-0.014344	0.000037	0.057723	0.193342	0.191271	0.437701
2021-07-29 06:18:07.000000 	140.000000	55.088969	-162.314052	584.266000	-0.039654	-0.005795	0.046865	0.362251	0.296997	0.540660	-0.180767	-0.005604	-0.006526	0.061060	0.268401	0.265528	0.607620
2021-07-29 06:18:08.000000 	141.000000	55.088969	-162.314052	584.266000	-0.037306	-0.014003	0.021518	0.273192	0.223989	0.407747	-0.138735	-0.020320	0.002008	0.040422	0.202419	0.200254	0.458244
2021-07-29 06:18:09.000000 	142.000000	55.088969	-162.314052	584.266000	-0.025742	0.002510	0.021190	0.385457	0.316046	0.575314	-0.209178	-0.007359	-0.010211	0.030976	0.285607	0.282553	0.646561
2021-07-29 06:18:10.000000 	143.000000	55.088969	-162.314052	584.266000	-0.031089	-0.000586	0.031171	0.262470	0.215214	0.391757	-0.131787	-0.006596	-0.008886	0.042615	0.194483	0.192405	0.440270
2021-07-29 06:18:11.000000 	144.000000	55.088969	-162.314052	584.266000	-0.030330	-0.013240	0.027508	0.352278	0.288863	0.525810	-0.184541	-0.011252	0.003400	0.041398	0.261033	0.258245	0.590922
2021-07-29 06:18:12.000000 	145.000000	55.088969	-162.314052	584.266000	-0.037225	-0.005828	0.017943	0.268005	0.219769	0.400032	-0.137997	-0.020266	-0.005757	0.036024	0.198593	0.196473	0.449567
2021-07-29 06:18:13.000000 	146.000000	55.088969	-162.314052	584.266000	-0.048822	-0.012767	0.047209	0.312832	0.256538	0.466950	-0.148539	-0.014307	-0.002668	0.067553	0.231814	0.229341	0.524769
2021-07-29 06:18:14.000000 	147.000000	55.088969	-162.314052	584.266000	-0.056104	-0.014709	0.046905	0.410786	0.336877	0.613170	-0.203612	-0.020654	-0.003031	0.071612	0.304406	0.301160	0.689093
2021-07-29 06:18:15.000000 	148.000000	55.088969	-162.314052	584.266000	-0.046436	-0.018182	0.016514	0.219990	0.180416	0.328380	-0.106089	-0.031358	0.003216	0.042023	0.163024	0.161286	0.369038
2021-07-29 06:18:16.000000 	149.000000	55.088969	-162.314052	584.266000	-0.034512	-0.019968	0.032235	0.311553	0.255517	0.465063	-0.157026	-0.013490	0.008540	0.048724	0.230881	0.228421	0.522643
2021-07-29 06:18:17.000000 	150.000000	55.088969	-162.314052	584.266000	-0.032333	-0.016964	0.037764	0.352210	0.288873	0.525762	-0.179456	-0.007875	0.006340	0.051547	0.261016	0.258237	0.590854
2021-07-29 06:18:18.000000 	151.000000	55.088969	-162.314052	584.266000	-0.041649	-0.018054	0.014979	0.260705	0.213831	0.389174	-0.132165	-0.028465	0.004548	0.038132	0.193208	0.191152	0.437355
2021-07-29 06:18:19.000000 	152.000000	55.088969	-162.314052	584.266000	-0.038518	-0.016430	0.015047	0.346039	0.283833	0.516568	-0.183178	-0.025575	0.003952	0.036198	0.256454	0.253726	0.580518
2021-07-29 06:18:20.000000 	153.000000	55.088969	-162.314052	584.266000	-0.041158	-0.009837	0.010793	0.314773	0.258197	0.469901	-0.166509	-0.028430	-0.003132	0.033002	0.233287	0.230807	0.528072
2021-07-29 06:18:21.000000 	154.000000	55.088969	-162.314052	584.266000	-0.040439	-0.005615	0.012454	0.320945	0.263270	0.479122	-0.170139	-0.025865	-0.006936	0.033238	0.237867	0.235339	0.538433
2021-07-29 06:18:22.000000 	155.000000	55.088969	-162.314052	584.266000	-0.027236	0.007394	0.020976	0.265296	0.217629	0.396053	-0.139294	-0.007432	-0.015319	0.030766	0.196627	0.194538	0.445079
2021-07-29 06:18:23.000000 	156.000000	55.088969	-162.314052	584.266000	-0.036403	-0.000250	0.037412	0.348304	0.285734	0.519983	-0.177930	-0.007092	-0.010821	0.050572	0.258155	0.255414	0.584347
2021-07-29 06:18:24.000000 	157.000000	55.088969	-162.314052	584.266000	-0.040398	-0.009227	0.052148	0.297556	0.244112	0.444228	-0.140370	-0.004016	-0.003482	0.066395	0.220546	0.218206	0.499213
2021-07-29 06:18:25.000000 	158.000000	55.088969	-162.314052	584.266000	-0.044056	-0.000419	0.018263	0.300593	0.246613	0.448771	-0.155407	-0.024073	-0.012985	0.039071	0.222803	0.220440	0.504316
2021-07-29 06:18:26.000000 	159.000000	55.088969	-162.314052	584.266000	-0.039479	0.001661	0.019416	0.336763	0.276298	0.502778	-0.177662	-0.019319	-0.013576	0.037159	0.249617	0.246971	0.565006
2021-07-29 06:18:27.000000 	160.000000	55.088969	-162.314052	584.266000	-0.034595	-0.008765	0.043549	0.285654	0.234374	0.426481	-0.138603	-0.004289	-0.002159	0.056099	0.211739	0.209495	0.479264
2021-07-29 06:18:28.000000 	161.000000	55.088969	-162.314052	584.266000	-0.040657	-0.011493	0.031946	0.322446	0.264571	0.481419	-0.162785	-0.016345	-0.001402	0.050363	0.239016	0.236485	0.541000
2021-07-29 06:18:29.000000 	162.000000	55.088969	-162.314052	584.266000	-0.040325	-0.005436	0.036564	0.321119	0.263493	0.479446	-0.160869	-0.011934	-0.007072	0.052917	0.238037	0.235518	0.538780
2021-07-29 06:18:30.000000 	163.000000	55.088969	-162.314052	584.266000	-0.033015	-0.005980	0.032017	0.376615	0.309041	0.562313	-0.197028	-0.008960	-0.004332	0.045297	0.279181	0.276228	0.631900
2021-07-29 06:18:31.000000 	164.000000	55.088969	-162.314052	584.266000	-0.038081	-0.024518	0.036865	0.231115	0.189655	0.345077	-0.106613	-0.014762	0.011791	0.055257	0.171327	0.169516	0.387779
2021-07-29 06:18:32.000000 	165.000000	55.088969	-162.314052	584.266000	-0.046960	-0.018812	0.029615	0.310298	0.254643	0.463312	-0.153964	-0.024427	0.003657	0.053161	0.230031	0.227600	0.520644
2021-07-29 06:18:33.000000 	166.000000	55.088969	-162.314052	584.266000	-0.037783	-0.003857	0.022207	0.319576	0.262267	0.477173	-0.166555	-0.017771	-0.007804	0.039483	0.236915	0.234412	0.536218
2021-07-29 06:18:34.000000 	167.000000	55.088969	-162.314052	584.266000	-0.050909	-0.013881	0.019739	0.361036	0.296302	0.539087	-0.186839	-0.031936	-0.002241	0.046359	0.267656	0.264830	0.605791
2021-07-29 06:18:35.000000 	168.000000	55.088969	-162.314052	584.266000	-0.044745	-0.012400	0.038963	0.241330	0.198067	0.360352	-0.111268	-0.015749	-0.001780	0.058505	0.178916	0.177028	0.404939
2021-07-29 06:18:36.000000 	169.000000	55.088969	-162.314052	584.266000	-0.039736	-0.010670	0.040263	0.349677	0.287002	0.522142	-0.175730	-0.010660	-0.001906	0.056539	0.259246	0.256512	0.586745
2021-07-29 06:18:37.000000 	170.000000	55.088969	-162.314052	584.266000	-0.024569	-0.003348	0.011036	0.267567	0.219617	0.399541	-0.144422	-0.013714	-0.004275	0.023029	0.198375	0.196284	0.448973
2021-07-29 06:18:38.000000 	171.000000	55.088969	-162.314052	584.266000	-0.054923	-0.026315	0.037953	0.378778	0.310911	0.565615	-0.187575	-0.027746	0.008385	0.065645	0.280834	0.277875	0.635591
2021-07-29 06:18:39.000000 	172.000000	55.088969	-162.314052	584.266000	-0.032166	-0.003503	0.015646	0.235033	0.192929	0.350973	-0.121426	-0.017049	-0.006435	0.030978	0.174263	0.172428	0.394392
2021-07-29 06:18:40.000000 	173.000000	55.088969	-162.314052	584.266000	-0.026191	-0.002179	0.010684	0.374097	0.307092	0.558644	-0.206301	-0.014891	-0.005881	0.023421	0.277376	0.274457	0.627753
2021-07-29 06:18:41.000000 	174.000000	55.088969	-162.314052	584.266000	-0.045917	-0.002054	0.038916	0.305476	0.250772	0.456179	-0.149508	-0.014114	-0.011993	0.057306	0.226502	0.224119	0.512610
2021-07-29 06:18:42.000000 	175.000000	55.088969	-162.314052	584.266000	-0.048374	-0.013746	0.032820	0.289262	0.237470	0.431972	-0.140576	-0.022435	-0.001599	0.055680	0.214484	0.212229	0.485407
2021-07-29 06:18:43.000000 	176.000000	55.088969	-162.314052	584.266000	-0.033200	-0.003266	0.022219	0.305658	0.250940	0.456465	-0.159834	-0.014036	-0.006974	0.036891	0.226647	0.224265	0.512927
2021-07-29 06:18:44.000000 	177.000000	55.088969	-162.314052	584.266000	-0.046048	-0.006083	0.039877	0.308820	0.253546	0.461194	-0.150700	-0.014670	-0.008193	0.058866	0.228997	0.226591	0.518239
2021-07-29 06:18:45.000000 	178.000000	55.088969	-162.314052	584.266000	-0.030892	-0.011171	0.031465	0.302854	0.248657	0.452291	-0.154365	-0.008911	0.001258	0.044589	0.224578	0.222220	0.508233
2021-07-29 06:18:46.000000 	179.000000	55.088969	-162.314052	584.266000	-0.048342	0.000011	0.029186	0.340669	0.279715	0.508773	-0.173432	-0.021062	-0.014697	0.050290	0.252625	0.249973	0.571699
2021-07-29 06:18:47.000000 	180.000000	55.088969	-162.314052	584.266000	-0.047761	-0.020151	0.044771	0.252108	0.207008	0.376518	-0.113548	-0.016713	0.004689	0.066260	0.186956	0.184995	0.423084
2021-07-29 06:18:48.000000 	181.000000	55.088969	-162.314052	584.266000	-0.033586	-0.005404	0.023878	0.348427	0.286107	0.520376	-0.183826	-0.013921	-0.005054	0.038834	0.258390	0.255681	0.584733
2021-07-29 06:18:49.000000 	182.000000	55.088969	-162.314052	584.266000	-0.036771	-0.011651	0.031660	0.301260	0.247386	0.449939	-0.151693	-0.013512	-0.000070	0.048038	0.223416	0.221075	0.505582
2021-07-29 06:18:50.000000 	183.000000	55.088969	-162.314052	584.266000	-0.042489	-0.002542	0.015333	0.335104	0.275188	0.500494	-0.177104	-0.025055	-0.010487	0.036183	0.248521	0.245918	0.562387
2021-07-29 06:18:51.000000 	184.000000	55.088969	-162.314052	584.266000	-0.042742	-0.006473	0.039434	0.352401	0.289404	0.526335	-0.177291	-0.012437	-0.006818	0.056768	0.261354	0.258618	0.591422
2021-07-29 06:18:52.000000 	185.000000	55.088969	-162.314052	584.266000	-0.038049	-0.014173	0.023987	0.289891	0.238078	0.432980	-0.147443	-0.019530	0.001943	0.042881	0.215000	0.212750	0.486520
2021-07-29 06:18:53.000000 	186.000000	55.088969	-162.314052	584.266000	-0.037943	-0.012279	0.036892	0.315148	0.258830	0.470711	-0.157332	-0.011589	0.000172	0.053076	0.233737	0.231293	0.528915
2021-07-29 06:18:54.000000 	187.000000	55.088969	-162.314052	584.266000	-0.028345	-0.006557	0.008050	0.298117	0.244853	0.445281	-0.162057	-0.019172	-0.002364	0.023196	0.221111	0.218800	0.500338
2021-07-29 06:18:55.000000 	188.000000	55.088969	-162.314052	584.266000	-0.052264	-0.011376	0.047915	0.340006	0.279268	0.507855	-0.163457	-0.016245	-0.005039	0.069767	0.252185	0.249551	0.570647
2021-07-29 06:18:56.000000 	189.000000	55.088969	-162.314052	584.266000	-0.032621	-0.010733	0.019509	0.287812	0.236407	0.429902	-0.149935	-0.016995	0.000315	0.035651	0.213478	0.211248	0.483054
2021-07-29 06:18:57.000000 	190.000000	55.088969	-162.314052	584.266000	-0.037195	-0.000535	0.020429	0.355491	0.292009	0.531000	-0.188791	-0.017502	-0.010790	0.037126	0.263683	0.260930	0.596650
2021-07-29 06:18:58.000000 	191.000000	55.088969	-162.314052	584.266000	-0.037483	-0.011136	0.029947	0.289140	0.237516	0.431899	-0.145180	-0.014920	-0.000778	0.046932	0.214473	0.212235	0.485294
2021-07-29 06:18:59.000000 	192.000000	55.088969	-162.314052	584.266000	-0.043280	0.000500	0.032256	0.235661	0.193592	0.352020	-0.112280	-0.015229	-0.013625	0.049962	0.174808	0.172985	0.395538
2021-07-29 06:19:00.000000 	193.000000	55.088969	-162.314052	584.266000	-0.038000	-0.006855	0.052262	0.351444	0.288718	0.524981	-0.172821	-0.001487	-0.005013	0.064769	0.260700	0.257982	0.589879
2021-07-29 06:19:01.000000 	194.000000	55.088969	-162.314052	584.266000	-0.026831	-0.005879	0.023613	0.345336	0.283711	0.515864	-0.183980	-0.008914	-0.002550	0.035016	0.256175	0.253506	0.579633
2021-07-29 06:19:02.000000 	195.000000	55.088969	-162.314052	584.266000	-0.053130	-0.007777	0.037709	0.289120	0.237536	0.431895	-0.137784	-0.021867	-0.008732	0.061244	0.214478	0.212244	0.485282
2021-07-29 06:19:03.000000 	196.000000	55.088969	-162.314052	584.266000	-0.036367	-0.006803	0.017191	0.324301	0.266450	0.484457	-0.171509	-0.020269	-0.004567	0.035110	0.240582	0.238078	0.544339
2021-07-29 06:19:04.000000 	197.000000	55.088969	-162.314052	584.266000	-0.039589	-0.007132	0.049290	0.307980	0.253051	0.460084	-0.148212	-0.004498	-0.005232	0.063246	0.228480	0.226103	0.516951
2021-07-29 06:19:05.000000 	198.000000	55.088969	-162.314052	584.266000	-0.032791	-0.013781	0.007193	0.382483	0.314278	0.571390	-0.209594	-0.024936	0.003168	0.026174	0.283758	0.280807	0.642012
2021-07-29 06:19:06.000000 	199.000000	55.088969	-162.314052	584.266000	-0.041226	-0.009822	0.040232	0.244432	0.200852	0.365161	-0.113986	-0.011631	-0.003167	0.057179	0.181344	0.179459	0.410292
2021-07-29 06:19:07.000000 	200.000000	55.088969	-162.314052	584.266000	-0.044282	-0.013536	0.023757	0.326994	0.268705	0.488509	-0.167532	-0.024373	-0.000557	0.045980	0.242602	0.240082	0.548883
2021-07-29 06:19:08.000000 	201.000000	55.088969	-162.314052	584.266000	-0.028475	-0.007568	0.024452	0.282521	0.232169	0.422077	-0.146438	-0.010138	-0.001440	0.036893	0.209612	0.207436	0.474239
2021-07-29 06:19:09.000000 	202.000000	55.088969	-162.314052	584.266000	-0.059328	-0.009478	0.032992	0.314391	0.258369	0.469697	-0.152387	-0.029832	-0.008994	0.061052	0.233264	0.230843	0.527742
2021-07-29 06:19:10.000000 	203.000000	55.088969	-162.314052	584.266000	-0.032714	-0.004285	0.030839	0.360070	0.295919	0.537947	-0.188285	-0.008977	-0.005856	0.043872	0.267161	0.264390	0.604424
2021-07-29 06:19:11.000000 	204.000000	55.088969	-162.314052	584.266000	-0.052605	-0.018059	0.048499	0.250112	0.205559	0.373675	-0.109731	-0.017842	0.001224	0.071594	0.185580	0.183656	0.419850
2021-07-29 06:19:12.000000 	205.000000	55.088969	-162.314052	584.266000	-0.045290	-0.008769	0.022216	0.312663	0.256979	0.467136	-0.159962	-0.024854	-0.005405	0.044437	0.231998	0.229594	0.524858
2021-07-29 06:19:13.000000 	206.000000	55.088969	-162.314052	584.266000	-0.038196	-0.011316	0.020761	0.341026	0.280301	0.509519	-0.178931	-0.020779	-0.000823	0.039819	0.253049	0.250428	0.572476
2021-07-29 06:19:14.000000 	207.000000	55.088969	-162.314052	584.266000	-0.030428	-0.008437	0.034829	0.297369	0.244427	0.444298	-0.150330	-0.005942	-0.001206	0.046620	0.220660	0.218375	0.499194
2021-07-29 06:19:15.000000 	208.000000	55.088969	-162.314052	584.266000	-0.036027	-0.003585	0.047247	0.395397	0.325015	0.590771	-0.201435	-0.002001	-0.007529	0.059011	0.293408	0.290372	0.663762
2021-07-29 06:19:16.000000 	209.000000	55.088969	-162.314052	584.266000	-0.036670	-0.007422	0.011839	0.208017	0.170996	0.310807	-0.105358	-0.023723	-0.004069	0.030993	0.154364	0.152768	0.349207
2021-07-29 06:19:17.000000 	210.000000	55.088969	-162.314052	584.266000	-0.041945	-0.001131	0.039202	0.290377	0.238708	0.433871	-0.141930	-0.010618	-0.011666	0.055214	0.215487	0.213259	0.487473
2021-07-29 06:19:18.000000 	211.000000	55.088969	-162.314052	584.266000	-0.041382	0.000421	0.036474	0.421834	0.346787	0.630299	-0.220149	-0.011352	-0.012973	0.052401	0.313048	0.309814	0.708165
2021-07-29 06:19:19.000000 	212.000000	55.088969	-162.314052	584.266000	-0.039743	-0.019970	0.024325	0.230699	0.189664	0.344713	-0.111525	-0.022104	0.006952	0.045089	0.171209	0.169441	0.387297
2021-07-29 06:19:20.000000 	213.000000	55.088969	-162.314052	584.266000	-0.048221	-0.010294	0.038773	0.294188	0.241869	0.439586	-0.141663	-0.018049	-0.004842	0.059878	0.218331	0.216078	0.493888
2021-07-29 06:19:21.000000 	214.000000	55.088969	-162.314052	584.266000	-0.038794	-0.002566	0.031597	0.280563	0.230677	0.419233	-0.140046	-0.012865	-0.009341	0.047509	0.208225	0.206076	0.471019
2021-07-29 06:19:22.000000 	215.000000	55.088969	-162.314052	584.266000	-0.036205	-0.005678	0.025440	0.324694	0.266971	0.485183	-0.168744	-0.015141	-0.005590	0.041590	0.240983	0.238498	0.545113
2021-07-29 06:19:23.000000 	216.000000	55.088969	-162.314052	584.266000	-0.048357	-0.015469	0.045081	0.365826	0.300802	0.546653	-0.180529	-0.015834	0.000047	0.066025	0.271517	0.268718	0.614173
2021-07-29 06:19:24.000000 	217.000000	55.088969	-162.314052	584.266000	-0.036382	-0.013447	0.010149	0.314710	0.258782	0.470277	-0.167978	-0.025966	0.001759	0.030498	0.233584	0.231178	0.528362
2021-07-29 06:19:25.000000 	218.000000	55.088969	-162.314052	584.266000	-0.038037	-0.002653	0.033181	0.286414	0.235524	0.428002	-0.143063	-0.011389	-0.009028	0.048411	0.212588	0.210399	0.480863
2021-07-29 06:19:26.000000 	219.000000	55.088969	-162.314052	584.266000	-0.042413	-0.009553	0.033369	0.311955	0.256537	0.466175	-0.156016	-0.016419	-0.003783	0.052150	0.231551	0.229168	0.523749
2021-07-29 06:19:27.000000 	220.000000	55.088969	-162.314052	584.266000	-0.037693	-0.009025	0.045925	0.276185	0.227130	0.412727	-0.131431	-0.005414	-0.002853	0.059781	0.205005	0.202896	0.463698
2021-07-29 06:19:28.000000 	221.000000	55.088969	-162.314052	584.266000	-0.033762	-0.010676	0.022406	0.327346	0.269215	0.489189	-0.171688	-0.016215	-0.000085	0.038639	0.242987	0.240488	0.549601
2021-07-29 06:19:29.000000 	222.000000	55.088969	-162.314052	584.266000	-0.049522	-0.003785	0.043750	0.304927	0.250787	0.455693	-0.146221	-0.014596	-0.011439	0.063537	0.226351	0.224025	0.511966
2021-07-29 06:19:30.000000 	223.000000	55.088969	-162.314052	584.266000	-0.035038	-0.011821	0.040828	0.385726	0.317252	0.576449	-0.197939	-0.006953	0.000618	0.054641	0.286336	0.283395	0.647631
2021-07-29 06:19:31.000000 	224.000000	55.088969	-162.314052	584.266000	-0.043533	-0.000403	0.024103	0.267432	0.219966	0.399670	-0.134097	-0.020318	-0.012841	0.043572	0.198528	0.196489	0.449021
2021-07-29 06:19:32.000000 	225.000000	55.088969	-162.314052	584.266000	-0.046115	-0.010600	0.036090	0.273717	0.225145	0.409070	-0.131367	-0.018015	-0.003911	0.056582	0.203199	0.201113	0.459579
2021-07-29 06:19:33.000000 	226.000000	55.088969	-162.314052	584.266000	-0.043974	-0.010292	0.024143	0.351764	0.289353	0.525717	-0.182420	-0.023103	-0.003554	0.045564	0.261145	0.258465	0.590628
2021-07-29 06:19:34.000000 	227.000000	55.088969	-162.314052	584.266000	-0.042363	-0.001591	0.042858	0.357870	0.294387	0.534850	-0.179853	-0.008967	-0.011354	0.058521	0.265684	0.262960	0.600886
2021-07-29 06:19:35.000000 	228.000000	55.088969	-162.314052	584.266000	-0.048675	-0.013268	0.037633	0.262284	0.215766	0.392000	-0.123005	-0.019797	-0.002147	0.059708	0.194726	0.192730	0.440397
2021-07-29 06:19:36.000000 	229.000000	55.088969	-162.314052	584.266000	-0.047570	-0.020028	0.033338	0.381925	0.314200	0.570818	-0.194375	-0.023076	0.004630	0.056758	0.283557	0.280652	0.641289
2021-07-29 06:19:37.000000 	230.000000	55.088969	-162.314052	584.266000	-0.042976	-0.002645	0.035907	0.224839	0.184977	0.336046	-0.104426	-0.013685	-0.010536	0.053338	0.166934	0.165225	0.377531
2021-07-29 06:19:38.000000 	231.000000	55.088969	-162.314052	584.266000	-0.039616	-0.006678	0.033005	0.336927	0.277203	0.503579	-0.171896	-0.013726	-0.005673	0.049827	0.250161	0.247600	0.565744
2021-07-29 06:19:39.000000 	232.000000	55.088969	-162.314052	584.266000	-0.040885	-0.020927	0.035372	0.301534	0.248094	0.450687	-0.148356	-0.016913	0.007517	0.054938	0.223888	0.221598	0.506321
2021-07-29 06:19:40.000000 	233.000000	55.088969	-162.314052	584.266000	-0.043916	-0.009201	0.046175	0.349577	0.287634	0.522502	-0.172560	-0.010177	-0.004575	0.063411	0.259567	0.256912	0.586998
2021-07-29 06:19:41.000000 	234.000000	55.088969	-162.314052	584.266000	-0.025544	0.004175	0.011984	0.309183	0.254408	0.462133	-0.168978	-0.012059	-0.011738	0.023030	0.229579	0.227233	0.519175
2021-07-29 06:19:42.000000 	235.000000	55.088969	-162.314052	584.266000	-0.036096	-0.011159	0.024911	0.232398	0.191233	0.347367	-0.114512	-0.016725	-0.000335	0.042050	0.172568	0.170805	0.390242
2021-07-29 06:19:43.000000 	236.000000	55.088969	-162.314052	584.266000	-0.049986	-0.005049	0.043491	0.342042	0.281467	0.511261	-0.167894	-0.015421	-0.010376	0.063797	0.253991	0.251397	0.574362
2021-07-29 06:19:44.000000 	237.000000	55.088969	-162.314052	584.266000	-0.032314	-0.012830	0.020530	0.305130	0.251102	0.456094	-0.159688	-0.016694	0.002407	0.036686	0.226587	0.224274	0.512385
2021-07-29 06:19:45.000000 	238.000000	55.088969	-162.314052	584.266000	-0.044198	-0.005215	0.039162	0.285820	0.235220	0.427236	-0.138374	-0.013418	-0.008458	0.057120	0.212253	0.210087	0.479963
2021-07-29 06:19:46.000000 	239.000000	55.088969	-162.314052	584.266000	-0.042395	-0.002589	0.040737	0.348736	0.287010	0.521289	-0.175332	-0.010453	-0.010412	0.056972	0.258982	0.256341	0.585621
2021-07-29 06:19:47.000000 	240.000000	55.088969	-162.314052	584.266000	-0.032507	-0.003346	0.036556	0.274484	0.225910	0.410304	-0.136310	-0.005310	-0.006688	0.048284	0.203845	0.201768	0.460937
2021-07-29 06:19:48.000000 	241.000000	55.088969	-162.314052	584.266000	-0.054404	-0.017160	0.040971	0.350586	0.288556	0.524070	-0.171427	-0.023332	-0.000179	0.066246	0.260369	0.257716	0.588740
2021-07-29 06:19:49.000000 	242.000000	55.088969	-162.314052	584.266000	-0.037722	-0.014167	0.029495	0.328961	0.270767	0.491750	-0.168441	-0.016121	0.002038	0.047219	0.244315	0.241827	0.552430
2021-07-29 06:19:50.000000 	243.000000	55.088969	-162.314052	584.266000	-0.036088	0.002776	0.017294	0.263088	0.216556	0.393285	-0.136805	-0.017605	-0.013609	0.033376	0.195397	0.193408	0.441812
2021-07-29 06:19:51.000000 	244.000000	55.088969	-162.314052	584.266000	-0.045494	-0.016311	0.029079	0.326785	0.268997	0.488510	-0.164871	-0.022965	0.001719	0.051488	0.242711	0.240242	0.548786
2021-07-29 06:19:52.000000 	245.000000	55.088969	-162.314052	584.266000	-0.038506	-0.005201	0.033706	0.283169	0.233104	0.423315	-0.140694	-0.012090	-0.006743	0.049540	0.210322	0.208183	0.475544
2021-07-29 06:19:53.000000 	246.000000	55.088969	-162.314052	584.266000	-0.045131	-0.011078	0.056879	0.331303	0.272738	0.495279	-0.157045	-0.005468	-0.003156	0.073177	0.246079	0.243578	0.556384
2021-07-29 06:19:54.000000 	247.000000	55.088969	-162.314052	584.266000	-0.049612	-0.011867	0.026513	0.342089	0.281629	0.511411	-0.174106	-0.026544	-0.003766	0.050856	0.254098	0.251516	0.574504
2021-07-29 06:19:55.000000 	248.000000	55.088969	-162.314052	584.266000	-0.043254	-0.013710	0.037614	0.263930	0.217292	0.394570	-0.125639	-0.015683	-0.000078	0.056814	0.196047	0.194056	0.443247
2021-07-29 06:19:56.000000 	249.000000	55.088969	-162.314052	584.266000	-0.040347	-0.011744	0.049883	0.345843	0.284742	0.517036	-0.169681	-0.005899	-0.001069	0.064947	0.256899	0.254292	0.580819
2021-07-29 06:19:57.000000 	250.000000	55.088969	-162.314052	584.266000	-0.028442	0.002502	0.009368	0.260554	0.214530	0.389535	-0.140678	-0.016236	-0.011024	0.022755	0.193550	0.191586	0.437587
2021-07-29 06:19:58.000000 	251.000000	55.088969	-162.314052	584.266000	-0.045176	-0.007085	0.041183	0.358378	0.295086	0.535791	-0.179654	-0.013491	-0.006974	0.059636	0.266224	0.263524	0.601882
2021-07-29 06:19:59.000000 	252.000000	55.088969	-162.314052	584.266000	-0.053688	-0.010436	0.051407	0.259541	0.213713	0.388031	-0.114728	-0.015125	-0.006367	0.073244	0.192807	0.190853	0.435894
2021-07-29 06:20:00.000000 	253.000000	55.088969	-162.314052	584.266000	-0.035958	0.000437	0.035525	0.339921	0.279911	0.508211	-0.174412	-0.007653	-0.011340	0.048662	0.252526	0.249968	0.570895
2021-07-29 06:20:01.000000 	254.000000	55.088969	-162.314052	584.266000	-0.047841	-0.010407	0.046744	0.286477	0.235912	0.428314	-0.134223	-0.013218	-0.004619	0.066227	0.212829	0.210673	0.481141
2021-07-29 06:20:02.000000 	255.000000	55.088969	-162.314052	584.266000	-0.039016	-0.008727	0.027310	0.047752	0.039325	0.071395	0.043170	-0.017027	-0.003539	0.045186	0.035477	0.035118	0.080201
2021-07-29 06:20:03.000000 	256.000000	55.088969	-162.314052	584.266000	-0.048032	-0.001714	0.038883	0.351751	0.289688	0.525920	-0.176381	-0.015701	-0.012959	0.058373	0.261336	0.258692	0.590781
2021-07-29 06:20:04.000000 	257.000000	55.088969	-162.314052	584.266000	-0.031841	-0.002944	0.024007	0.246814	0.203274	0.369029	-0.125455	-0.011872	-0.006868	0.037560	0.183377	0.181523	0.414539
2021-07-29 06:20:05.000000 	258.000000	55.088969	-162.314052	584.266000	-0.051927	-0.022713	0.042696	0.345178	0.284297	0.516106	-0.167762	-0.021793	0.005864	0.067275	0.256465	0.253873	0.579752
2021-07-29 06:20:06.000000 	259.000000	55.088969	-162.314052	584.266000	-0.030522	-0.002483	0.028790	0.270458	0.222764	0.404391	-0.137801	-0.007988	-0.006907	0.040683	0.200954	0.198924	0.454258
2021-07-29 06:20:07.000000 	260.000000	55.088969	-162.314052	584.266000	-0.046367	-0.011770	0.044978	0.361092	0.297428	0.539914	-0.178971	-0.013417	-0.002873	0.064212	0.268303	0.265594	0.606491
2021-07-29 06:20:08.000000 	261.000000	55.088969	-162.314052	584.266000	-0.033054	-0.002837	0.032741	0.301748	0.248557	0.451189	-0.153775	-0.007794	-0.007339	0.045365	0.224215	0.221952	0.506822
2021-07-29 06:20:09.000000 	262.000000	55.088969	-162.314052	584.266000	-0.061667	-0.023004	0.050840	0.329249	0.271221	0.492316	-0.152287	-0.024814	0.003182	0.079315	0.244657	0.242188	0.553019
2021-07-29 06:20:10.000000 	263.000000	55.088969	-162.314052	584.266000	-0.040007	-0.005606	0.035268	0.291865	0.240436	0.436423	-0.144765	-0.012469	-0.006813	0.051710	0.216883	0.214696	0.490232
2021-07-29 06:20:11.000000 	264.000000	55.088969	-162.314052	584.266000	-0.031214	-0.003219	0.011974	0.339383	0.279591	0.507482	-0.184478	-0.018336	-0.006416	0.027398	0.252200	0.249658	0.570050
2021-07-29 06:20:12.000000 	265.000000	55.088969	-162.314052	584.266000	-0.054174	-0.014057	0.063899	0.286596	0.236114	0.428555	-0.125136	-0.009257	-0.003065	0.084383	0.212979	0.210833	0.481390
2021-07-29 06:20:13.000000 	266.000000	55.088969	-162.314052	584.266000	-0.039703	-0.010859	0.031806	0.340728	0.280722	0.509507	-0.174318	-0.015522	-0.001716	0.049619	0.253213	0.250662	0.572319
2021-07-29 06:20:14.000000 	267.000000	55.088969	-162.314052	584.266000	-0.048112	-0.013836	0.044707	0.237708	0.195853	0.355461	-0.105991	-0.015449	-0.001434	0.065301	0.176658	0.174880	0.399281
2021-07-29 06:20:15.000000 	268.000000	55.088969	-162.314052	584.266000	-0.023428	0.002516	0.024676	0.367506	0.302808	0.549564	-0.198536	-0.003554	-0.009515	0.032572	0.273128	0.270379	0.617309
2021-07-29 06:20:16.000000 	269.000000	55.088969	-162.314052	584.266000	-0.046619	-0.010540	0.042493	0.355756	0.293139	0.532000	-0.176943	-0.014730	-0.004121	0.062098	0.264402	0.261743	0.597578
2021-07-29 06:20:17.000000 	270.000000	55.088969	-162.314052	584.266000	-0.048166	-0.004303	0.030346	0.286537	0.236113	0.428495	-0.141297	-0.021336	-0.010534	0.051896	0.212963	0.210822	0.481312
2021-07-29 06:20:18.000000 	271.000000	55.088969	-162.314052	584.266000	-0.049416	-0.015520	0.046133	0.277485	0.228663	0.414964	-0.128273	-0.016072	-0.000226	0.067474	0.206241	0.204169	0.466111
2021-07-29 06:20:19.000000 	272.000000	55.088969	-162.314052	584.266000	-0.033247	-0.004715	0.046445	0.343267	0.282882	0.513344	-0.172288	-0.000569	-0.005608	0.057035	0.255141	0.252578	0.576614
2021-07-29 06:20:20.000000 	273.000000	55.088969	-162.314052	584.266000	-0.041774	-0.012544	0.011839	0.285752	0.235494	0.427339	-0.149092	-0.028987	-0.000740	0.034667	0.212397	0.210265	0.480006
2021-07-29 06:20:21.000000 	274.000000	55.088969	-162.314052	584.266000	-0.047702	-0.004049	0.040737	0.318550	0.262534	0.476393	-0.156164	-0.014963	-0.010635	0.060119	0.236782	0.234406	0.535105
2021-07-29 06:20:22.000000 	275.000000	55.088969	-162.314052	584.266000	-0.044501	-0.006233	0.039217	0.286488	0.236120	0.428450	-0.138716	-0.013876	-0.007581	0.057508	0.212956	0.210819	0.481250
2021-07-29 06:20:23.000000 	276.000000	55.088969	-162.314052	584.266000	-0.050409	-0.008125	0.045270	0.361245	0.297746	0.540258	-0.178231	-0.015500	-0.007573	0.066022	0.268532	0.265840	0.606835
2021-07-29 06:20:24.000000 	277.000000	55.088969	-162.314052	584.266000	-0.046214	-0.010417	0.052092	0.257401	0.212164	0.384959	-0.115538	-0.008889	-0.004115	0.069728	0.191345	0.189427	0.432397
2021-07-29 06:20:25.000000 	278.000000	55.088969	-162.314052	584.266000	-0.035268	-0.010015	0.030081	0.326990	0.269534	0.489042	-0.168360	-0.012833	-0.001173	0.045639	0.243082	0.240647	0.549303
2021-07-29 06:20:26.000000 	279.000000	55.088969	-162.314052	584.266000	-0.049977	-0.005564	0.042908	0.307713	0.253654	0.460217	-0.148152	-0.015876	-0.009882	0.063404	0.228758	0.226467	0.516923
2021-07-29 06:20:27.000000 	280.000000	55.088969	-162.314052	584.266000	-0.037754	-0.005586	0.019102	0.335808	0.276825	0.502243	-0.177592	-0.019956	-0.006148	0.037222	0.249651	0.247152	0.564125
2021-07-29 06:20:28.000000 	281.000000	55.088969	-162.314052	584.266000	-0.047590	-0.015624	0.052139	0.251725	0.207519	0.376490	-0.111270	-0.011234	0.000428	0.071421	0.187146	0.185274	0.422877
2021-07-29 06:20:29.000000 	282.000000	55.088969	-162.314052	584.266000	-0.033218	-0.004752	0.019373	0.336302	0.277255	0.502994	-0.179159	-0.016049	-0.005564	0.034825	0.250032	0.247532	0.564964
2021-07-29 06:20:30.000000 	283.000000	55.088969	-162.314052	584.266000	-0.042969	-0.004467	0.043463	0.335666	0.276742	0.502050	-0.166474	-0.009810	-0.008798	0.059847	0.249566	0.247071	0.563901
2021-07-29 06:20:31.000000 	284.000000	55.088969	-162.314052	584.266000	-0.040643	-0.015289	0.046133	0.288371	0.237759	0.431317	-0.137278	-0.009160	0.002219	0.062650	0.214408	0.212266	0.484452
2021-07-29 06:20:32.000000 	285.000000	55.088969	-162.314052	584.266000	-0.042517	-0.008386	0.030270	0.351454	0.289781	0.525676	-0.180750	-0.017983	-0.004926	0.049463	0.261319	0.258709	0.590433
2021-07-29 06:20:33.000000 	286.000000	55.088969	-162.314052	584.266000	-0.053186	-0.005129	0.055679	0.268045	0.221018	0.400926	-0.118755	-0.010966	-0.011271	0.075551	0.199307	0.197317	0.450313
2021-07-29 06:20:34.000000 	287.000000	55.088969	-162.314052	584.266000	-0.050658	-0.008897	0.033490	0.345588	0.284968	0.516916	-0.173629	-0.022628	-0.006914	0.056632	0.256971	0.254407	0.580588
2021-07-29 06:20:35.000000 	288.000000	55.088969	-162.314052	584.266000	-0.038698	-0.008983	0.035532	0.263421	0.217223	0.394019	-0.128150	-0.012137	-0.003198	0.051800	0.195879	0.193925	0.442551
2021-07-29 06:20:36.000000 	289.000000	55.088969	-162.314052	584.266000	-0.038851	-0.004711	0.036916	0.326597	0.269331	0.488523	-0.164971	-0.010400	-0.007315	0.052276	0.242864	0.240443	0.548693
2021-07-29 06:20:37.000000 	290.000000	55.088969	-162.314052	584.266000	-0.044219	-0.008481	0.038346	0.321685	0.265290	0.481181	-0.159641	-0.014715	-0.005353	0.057031	0.239217	0.236834	0.540445
2021-07-29 06:20:38.000000 	291.000000	55.088969	-162.314052	584.266000	-0.055592	-0.010229	0.047798	0.279674	0.230654	0.418346	-0.127631	-0.018626	-0.007143	0.071286	0.207982	0.205911	0.469868
2021-07-29 06:20:39.000000 	292.000000	55.088969	-162.314052	584.266000	-0.038404	-0.008323	0.034038	0.348784	0.287662	0.521730	-0.178899	-0.012597	-0.003738	0.050300	0.259384	0.256801	0.585982
2021-07-29 06:20:40.000000 	293.000000	55.088969	-162.314052	584.266000	-0.039921	-0.007283	0.045405	0.286603	0.236388	0.428722	-0.137588	-0.007018	-0.005189	0.060268	0.213147	0.211026	0.481518
2021-07-29 06:20:41.000000 	294.000000	55.088969	-162.314052	584.266000	-0.042017	-0.003544	0.026042	0.281832	0.232462	0.421590	-0.142261	-0.018806	-0.009388	0.044881	0.209605	0.207520	0.473506
2021-07-29 06:20:42.000000 	295.000000	55.088969	-162.314052	584.266000	-0.034720	-0.008764	0.035941	0.321144	0.264898	0.480402	-0.162959	-0.008740	-0.002199	0.049928	0.238848	0.236473	0.539557
2021-07-29 06:20:43.000000 	296.000000	55.088969	-162.314052	584.266000	-0.043817	-0.009823	0.040869	0.297860	0.245702	0.445577	-0.144680	-0.013292	-0.003953	0.059114	0.221538	0.219336	0.500442
2021-07-29 06:20:44.000000 	297.000000	55.088969	-162.314052	584.266000	-0.036679	-0.004599	0.035894	0.318685	0.262891	0.476735	-0.161410	-0.009261	-0.006761	0.050234	0.237033	0.234678	0.535435
2021-07-29 06:20:45.000000 	298.000000	55.088969	-162.314052	584.266000	-0.054173	-0.002511	0.053734	0.299649	0.247198	0.448264	-0.138135	-0.012198	-0.014065	0.074039	0.222881	0.220667	0.503456
2021-07-29 06:20:46.000000 	299.000000	55.088969	-162.314052	584.266000	-0.046896	-0.018708	0.059139	0.278877	0.230071	0.417195	-0.124324	-0.007454	0.003577	0.077319	0.207436	0.205377	0.468559
2021-07-29 06:20:47.000000 	300.000000	55.088969	-162.314052	584.266000	-0.043889	-0.004958	0.031323	0.367730	0.303387	0.550125	-0.189883	-0.017598	-0.008610	0.050479	0.273535	0.270821	0.617852
2021-07-29 06:20:48.000000 	301.000000	55.088969	-162.314052	584.266000	-0.041220	-0.003019	0.028695	0.229923	0.189700	0.343969	-0.111027	-0.016535	-0.009646	0.046532	0.171032	0.169336	0.386314
2021-07-29 06:20:49.000000 	302.000000	55.088969	-162.314052	584.266000	-0.047875	-0.014392	0.048951	0.334889	0.276315	0.501006	-0.161553	-0.012975	-0.000833	0.068749	0.249120	0.246651	0.562682
2021-07-29 06:20:50.000000 	303.000000	55.088969	-162.314052	584.266000	-0.043454	-0.008580	0.028568	0.348154	0.287272	0.520859	-0.179295	-0.019737	-0.005026	0.048612	0.258996	0.256429	0.584975
2021-07-29 06:20:51.000000 	304.000000	55.088969	-162.314052	584.266000	-0.046784	-0.007999	0.036282	0.309020	0.254991	0.462317	-0.152399	-0.017780	-0.006592	0.056652	0.229890	0.227613	0.519224
2021-07-29 06:20:52.000000 	305.000000	55.088969	-162.314052	584.266000	-0.041892	-0.004786	0.041832	0.311120	0.256734	0.465464	-0.153137	-0.009981	-0.008167	0.057978	0.231458	0.229167	0.522756
2021-07-29 06:20:53.000000 	306.000000	55.088969	-162.314052	584.266000	-0.039726	-0.002789	0.046626	0.264232	0.218052	0.395321	-0.124467	-0.005048	-0.009411	0.060381	0.196582	0.194636	0.443978
2021-07-29 06:20:54.000000 	307.000000	55.088969	-162.314052	584.266000	-0.048015	-0.001198	0.033911	0.373045	0.307860	0.558124	-0.191160	-0.018404	-0.013445	0.054197	0.277544	0.274798	0.626816
2021-07-29 06:20:55.000000 	308.000000	55.088969	-162.314052	584.266000	-0.042116	-0.017828	0.033311	0.246251	0.203230	0.368427	-0.117062	-0.018282	0.004190	0.053380	0.183215	0.181403	0.413771
2021-07-29 06:20:56.000000 	309.000000	55.088969	-162.314052	584.266000	-0.032415	-0.004344	0.035108	0.308529	0.254638	0.461610	-0.157045	-0.006315	-0.005709	0.047220	0.229557	0.227288	0.518419
2021-07-29 06:20:57.000000 	310.000000	55.088969	-162.314052	584.266000	-0.050819	-0.017611	0.056001	0.255220	0.210650	0.381856	-0.110706	-0.012042	0.001339	0.076695	0.189899	0.188023	0.428848
2021-07-29 06:20:58.000000 	311.000000	55.088969	-162.314052	584.266000	-0.037201	0.001445	0.024148	0.374148	0.308821	0.559801	-0.199021	-0.014884	-0.012678	0.039835	0.278396	0.275647	0.628688
2021-07-29 06:20:59.000000 	312.000000	55.088969	-162.314052	584.266000	-0.048673	-0.008884	0.045262	0.308906	0.254981	0.462191	-0.148153	-0.014337	-0.006322	0.065200	0.229857	0.227588	0.519064
2021-07-29 06:21:00.000000 	313.000000	55.088969	-162.314052	584.266000	-0.040633	-0.002978	0.050080	0.291783	0.240857	0.436576	-0.138983	-0.003827	-0.009507	0.063740	0.217122	0.214980	0.490296
2021-07-29 06:21:01.000000 	314.000000	55.088969	-162.314052	584.266000	-0.045991	-0.009178	0.038600	0.354968	0.293026	0.531123	-0.178595	-0.016128	-0.005227	0.058326	0.264148	0.261542	0.596473
2021-07-29 06:21:02.000000 	315.000000	55.088969	-162.314052	584.266000	-0.036395	-0.005661	0.033369	0.288363	0.238053	0.431469	-0.144734	-0.010748	-0.005664	0.048193	0.214590	0.212474	0.484556
2021-07-29 06:21:03.000000 	316.000000	55.088969	-162.314052	584.266000	-0.051873	-0.003954	0.052861	0.363859	0.300391	0.544440	-0.176888	-0.011260	-0.011991	0.072319	0.270780	0.268111	0.611423
2021-07-29 06:21:04.000000 	317.000000	55.088969	-162.314052	584.266000	-0.050562	-0.018224	0.053107	0.263878	0.217859	0.394844	-0.117026	-0.013650	0.002002	0.074288	0.196381	0.194446	0.443420
2021-07-29 06:21:05.000000 	318.000000	55.088969	-162.314052	584.266000	-0.050632	-0.000785	0.040026	0.244020	0.201472	0.365133	-0.112139	-0.016847	-0.014635	0.060567	0.181607	0.179819	0.410052
2021-07-29 06:21:06.000000 	319.000000	55.088969	-162.314052	584.266000	-0.036514	-0.000850	0.023574	0.316728	0.261513	0.473934	-0.165668	-0.015248	-0.010283	0.039389	0.235726	0.233406	0.532235
2021-07-29 06:21:07.000000 	320.000000	55.088969	-162.314052	584.266000	-0.050945	-0.015280	0.065719	0.361632	0.298602	0.541133	-0.169563	-0.005998	-0.000919	0.084327	0.269154	0.266506	0.607698
2021-07-29 06:21:08.000000 	321.000000	55.088969	-162.314052	584.266000	-0.033058	-0.006620	0.020799	0.286920	0.236921	0.429341	-0.149755	-0.015574	-0.003736	0.036232	0.213553	0.211453	0.482152
2021-07-29 06:21:09.000000 	322.000000	55.088969	-162.314052	584.266000	-0.044362	-0.013214	0.048553	0.301336	0.248835	0.450918	-0.143252	-0.010164	-0.000887	0.066302	0.224290	0.222085	0.506381
2021-07-29 06:21:10.000000 	323.000000	55.088969	-162.314052	584.266000	-0.057365	-0.012411	0.046069	0.289684	0.239223	0.433487	-0.133607	-0.021545	-0.005603	0.071215	0.215623	0.213505	0.486804
2021-07-29 06:21:11.000000 	324.000000	55.088969	-162.314052	584.266000	-0.030223	-0.018079	0.040108	0.362078	0.299020	0.541826	-0.185562	-0.005163	0.008043	0.052513	0.269517	0.266870	0.608465
2021-07-29 06:21:12.000000 	325.000000	55.088969	-162.314052	584.266000	-0.029415	0.013154	0.015875	0.281416	0.232415	0.421125	-0.151161	-0.010619	-0.021468	0.026770	0.209482	0.207425	0.472917
2021-07-29 06:21:13.000000 	326.000000	55.088969	-162.314052	584.266000	-0.051395	-0.011745	0.073690	0.285149	0.235508	0.426716	-0.121498	-0.000907	-0.004424	0.090494	0.212266	0.210183	0.479193
2021-07-29 06:21:14.000000 	327.000000	55.088969	-162.314052	584.266000	-0.046489	-0.006606	0.028603	0.305470	0.252302	0.457132	-0.153664	-0.021597	-0.007830	0.049953	0.227400	0.225170	0.513347
2021-07-29 06:21:15.000000 	328.000000	55.088969	-162.314052	584.266000	-0.041809	-0.003836	0.040326	0.349126	0.288371	0.522468	-0.176252	-0.010541	-0.009047	0.056532	0.259907	0.257358	0.586715
2021-07-29 06:21:16.000000 	329.000000	55.088969	-162.314052	584.266000	-0.050837	-0.008501	0.040547	0.268934	0.222143	0.402464	-0.125979	-0.018631	-0.007345	0.062447	0.200213	0.198251	0.451953
2021-07-29 06:21:17.000000 	330.000000	55.088969	-162.314052	584.266000	-0.041013	-0.014297	0.054087	0.327069	0.270175	0.489471	-0.156950	-0.004650	0.001161	0.069202	0.243501	0.241115	0.549655
2021-07-29 06:21:18.000000 	331.000000	55.088969	-162.314052	584.266000	-0.042894	-0.009716	0.024581	0.306786	0.253431	0.459122	-0.156792	-0.021865	-0.003774	0.045235	0.228407	0.226170	0.515573
