2021-07-29 06:12:43.000000 	-184.000000	58.214554	-154.150293	190.200055	-0.041364	-0.022978	0.024254	0.339269	0.270610	0.498054	-0.171605	-0.027383	0.002644	0.045502	0.247966	0.239323	0.563585
2021-07-29 06:12:44.000000 	-183.000000	58.214554	-154.150293	190.200055	-0.030014	-0.016184	0.000081	0.331118	0.264116	0.486099	-0.180195	-0.028915	0.001478	0.018014	0.242011	0.233574	0.550057
2021-07-29 06:12:45.000000 	-182.000000	58.214554	-154.150293	190.200055	-0.025229	-0.007840	0.002475	0.300374	0.239601	0.440976	-0.163895	-0.020901	-0.003945	0.015864	0.219542	0.211888	0.498997
2021-07-29 06:12:46.000000 	-181.000000	58.214554	-154.150293	190.200055	-0.028036	-0.020219	0.006863	0.316068	0.252126	0.464026	-0.169074	-0.025325	0.005972	0.023768	0.231014	0.222959	0.525079
2021-07-29 06:12:47.000000 	-180.000000	58.214554	-154.150293	190.200055	-0.031476	-0.006388	0.018499	0.347106	0.276894	0.509606	-0.182991	-0.016702	-0.007975	0.032113	0.253702	0.244855	0.576656
2021-07-29 06:12:48.000000 	-179.000000	58.214554	-154.150293	190.200055	-0.028640	-0.019034	0.011748	0.293545	0.234174	0.430979	-0.154206	-0.022775	0.004642	0.027934	0.214555	0.207073	0.487684
2021-07-29 06:12:49.000000 	-178.000000	58.214554	-154.150293	190.200055	-0.031910	-0.015830	0.015088	0.339951	0.271202	0.499123	-0.179101	-0.022329	0.000333	0.031587	0.248476	0.239810	0.564794
2021-07-29 06:12:50.000000 	-177.000000	58.214554	-154.150293	190.200055	-0.038863	-0.009157	0.019492	0.321299	0.256329	0.471748	-0.165295	-0.022855	-0.008704	0.037094	0.234844	0.226653	0.533817
2021-07-29 06:12:51.000000 	-176.000000	58.214554	-154.150293	190.200055	-0.034627	-0.024793	0.015894	0.294813	0.235206	0.432871	-0.150889	-0.027305	0.007214	0.035619	0.215487	0.207970	0.489824
2021-07-29 06:12:52.000000 	-175.000000	58.214554	-154.150293	190.200055	-0.025521	-0.013196	-0.000194	0.333000	0.265680	0.488951	-0.183046	-0.024516	0.000748	0.014963	0.243401	0.234909	0.553283
2021-07-29 06:12:53.000000 	-174.000000	58.214554	-154.150293	190.200055	-0.027657	-0.008681	0.014575	0.367743	0.293408	0.539976	-0.197265	-0.016697	-0.004246	0.027494	0.268797	0.259419	0.611021
2021-07-29 06:12:54.000000 	-173.000000	58.214554	-154.150293	190.200055	-0.031155	-0.010189	0.016072	0.286905	0.228917	0.421288	-0.148977	-0.019143	-0.004415	0.030770	0.209712	0.202394	0.476717
2021-07-29 06:12:55.000000 	-172.000000	58.214554	-154.150293	190.200055	-0.025138	-0.018568	0.000906	0.318709	0.254301	0.467999	-0.173886	-0.025635	0.005749	0.016951	0.232961	0.224831	0.529574
2021-07-29 06:12:56.000000 	-171.000000	58.214554	-154.150293	190.200055	-0.037133	-0.020948	0.026575	0.315208	0.251514	0.462868	-0.158320	-0.022171	0.002662	0.045003	0.230403	0.222361	0.523767
2021-07-29 06:12:57.000000 	-170.000000	58.214554	-154.150293	190.200055	-0.031238	-0.012995	0.011353	0.299436	0.238937	0.439717	-0.157687	-0.022733	-0.001925	0.027443	0.218876	0.211236	0.497571
2021-07-29 06:12:58.000000 	-169.000000	58.214554	-154.150293	190.200055	-0.031849	-0.018562	0.015458	0.365593	0.291736	0.536881	-0.193452	-0.023101	0.002818	0.032500	0.267236	0.257908	0.607517
2021-07-29 06:12:59.000000 	-168.000000	58.214554	-154.150293	190.200055	-0.026514	-0.003344	0.009507	0.264888	0.211382	0.389002	-0.140840	-0.016514	-0.008551	0.021418	0.193626	0.186866	0.440182
2021-07-29 06:13:00.000000 	-167.000000	58.214554	-154.150293	190.200055	-0.028527	-0.024508	0.003063	0.370185	0.295418	0.543649	-0.201051	-0.029291	0.009617	0.021755	0.270598	0.261150	0.615176
2021-07-29 06:13:01.000000 	-166.000000	58.214554	-154.150293	190.200055	-0.032640	-0.006465	0.022390	0.296552	0.236664	0.435521	-0.152022	-0.015572	-0.008413	0.035989	0.216775	0.209205	0.492822
2021-07-29 06:13:02.000000 	-165.000000	58.214554	-154.150293	190.200055	-0.039431	-0.022324	0.025644	0.324561	0.259024	0.476667	-0.163246	-0.024930	0.002898	0.045617	0.237251	0.228966	0.539381
2021-07-29 06:13:03.000000 	-164.000000	58.214554	-154.150293	190.200055	-0.025325	-0.013566	-0.003062	0.328013	0.261787	0.481747	-0.181272	-0.026014	0.001167	0.012518	0.239776	0.231402	0.545129
2021-07-29 06:13:04.000000 	-163.000000	58.214554	-154.150293	190.200055	-0.030136	-0.021411	0.022716	0.309130	0.246724	0.454024	-0.158276	-0.019023	0.006129	0.038512	0.225975	0.218081	0.513758
2021-07-29 06:13:05.000000 	-162.000000	58.214554	-154.150293	190.200055	-0.035529	-0.008085	0.016683	0.374885	0.299213	0.550612	-0.198370	-0.021388	-0.008215	0.032880	0.274044	0.264471	0.623054
2021-07-29 06:13:06.000000 	-161.000000	58.214554	-154.150293	190.200055	-0.031536	-0.018133	0.021353	0.286593	0.228751	0.420943	-0.145796	-0.019597	0.002569	0.037264	0.209504	0.202184	0.476325
2021-07-29 06:13:07.000000 	-160.000000	58.214554	-154.150293	190.200055	-0.033224	-0.020749	0.009671	0.336956	0.268957	0.494926	-0.178502	-0.028012	0.004187	0.028735	0.246322	0.237715	0.560041
2021-07-29 06:13:08.000000 	-159.000000	58.214554	-154.150293	190.200055	-0.029618	-0.007867	-0.001488	0.310454	0.247810	0.456009	-0.169900	-0.026356	-0.005833	0.014582	0.226950	0.219019	0.516004
2021-07-29 06:13:09.000000 	-158.000000	58.214554	-154.150293	190.200055	-0.035814	-0.022877	0.024356	0.302789	0.241699	0.444761	-0.152174	-0.023046	0.004972	0.042934	0.221349	0.213613	0.503275
2021-07-29 06:13:10.000000 	-157.000000	58.214554	-154.150293	190.200055	-0.019360	-0.010546	-0.001290	0.352579	0.281452	0.517908	-0.196796	-0.019398	0.001050	0.010503	0.257749	0.248740	0.586046
2021-07-29 06:13:11.000000 	-156.000000	58.214554	-154.150293	190.200055	-0.040620	-0.014121	0.040204	0.257499	0.205559	0.378252	-0.119377	-0.015129	-0.005003	0.056673	0.188243	0.181663	0.428016
2021-07-29 06:13:12.000000 	-155.000000	58.214554	-154.150293	190.200055	-0.023787	-0.011655	-0.003724	0.360917	0.288125	0.530179	-0.201143	-0.024477	0.000118	0.010787	0.263849	0.254625	0.599931
2021-07-29 06:13:13.000000 	-154.000000	58.214554	-154.150293	190.200055	-0.038789	-0.020005	0.023923	0.315683	0.252022	0.463741	-0.159252	-0.024486	0.001090	0.043317	0.230782	0.222714	0.524752
2021-07-29 06:13:14.000000 	-153.000000	58.214554	-154.150293	190.200055	-0.023727	-0.008113	-0.005213	0.295993	0.236310	0.434826	-0.164692	-0.023903	-0.003044	0.008679	0.216390	0.208824	0.492033
2021-07-29 06:13:15.000000 	-152.000000	58.214554	-154.150293	190.200055	-0.029866	-0.017050	0.017695	0.315562	0.251941	0.463584	-0.164523	-0.019845	0.002322	0.033115	0.230698	0.222631	0.524574
2021-07-29 06:13:16.000000 	-151.000000	58.214554	-154.150293	190.200055	-0.033951	-0.011652	0.019119	0.308166	0.246043	0.452729	-0.159106	-0.020220	-0.004317	0.035022	0.225293	0.217414	0.512290
2021-07-29 06:13:17.000000 	-150.000000	58.214554	-154.150293	190.200055	-0.027004	-0.011611	0.019248	0.334947	0.267434	0.492084	-0.176489	-0.014822	-0.001325	0.031829	0.244874	0.236310	0.556823
2021-07-29 06:13:18.000000 	-149.000000	58.214554	-154.150293	190.200055	-0.031300	-0.025242	0.005255	0.313178	0.250060	0.460113	-0.166445	-0.030531	0.009069	0.025101	0.228962	0.220952	0.520645
2021-07-29 06:13:19.000000 	-148.000000	58.214554	-154.150293	190.200055	-0.030590	-0.009335	0.009953	0.308936	0.246680	0.453890	-0.164290	-0.021617	-0.004936	0.025105	0.225862	0.217961	0.513604
2021-07-29 06:13:20.000000 	-147.000000	58.214554	-154.150293	190.200055	-0.028309	-0.013930	0.010774	0.297275	0.237376	0.436767	-0.157441	-0.021143	0.000193	0.025777	0.217338	0.209734	0.494227
2021-07-29 06:13:21.000000 	-146.000000	58.214554	-154.150293	190.200055	-0.037353	-0.019959	0.009174	0.364159	0.290792	0.535046	-0.193273	-0.031139	0.001675	0.030088	0.266240	0.256924	0.605436
2021-07-29 06:13:22.000000 	-145.000000	58.214554	-154.150293	190.200055	-0.027138	-0.014466	0.031191	0.297581	0.237635	0.437235	-0.149938	-0.009692	0.001186	0.042700	0.217566	0.209952	0.494757
2021-07-29 06:13:23.000000 	-144.000000	58.214554	-154.150293	190.200055	-0.036983	-0.011620	0.013275	0.314190	0.250906	0.461649	-0.163914	-0.025605	-0.005668	0.031484	0.229711	0.221672	0.522382
2021-07-29 06:13:24.000000 	-143.000000	58.214554	-154.150293	190.200055	-0.027490	-0.016840	0.004279	0.375693	0.300030	0.552029	-0.205006	-0.025017	0.003169	0.020536	0.274680	0.265066	0.624652
2021-07-29 06:13:25.000000 	-142.000000	58.214554	-154.150293	190.200055	-0.018322	-0.009061	0.008593	0.298115	0.238083	0.438048	-0.162134	-0.012848	0.000165	0.018070	0.217962	0.210332	0.495676
2021-07-29 06:13:26.000000 	-141.000000	58.214554	-154.150293	190.200055	-0.041964	-0.014443	0.011069	0.330684	0.264102	0.485916	-0.172452	-0.031623	-0.005299	0.032619	0.241777	0.233313	0.549841
2021-07-29 06:13:27.000000 	-140.000000	58.214554	-154.150293	190.200055	-0.028899	-0.020543	0.021052	0.268596	0.214522	0.394692	-0.136021	-0.018632	0.005887	0.036312	0.196384	0.189508	0.446615
2021-07-29 06:13:28.000000 	-139.000000	58.214554	-154.150293	190.200055	-0.030047	-0.019092	0.024488	0.376521	0.300728	0.553295	-0.196731	-0.017162	0.004081	0.039444	0.275296	0.265656	0.626083
2021-07-29 06:13:29.000000 	-138.000000	58.214554	-154.150293	190.200055	-0.042773	-0.010904	0.017657	0.277626	0.221747	0.407978	-0.139407	-0.027461	-0.008837	0.037789	0.202990	0.195881	0.461649
2021-07-29 06:13:30.000000 	-137.000000	58.214554	-154.150293	190.200055	-0.036123	-0.019624	0.014417	0.358142	0.286066	0.526309	-0.188232	-0.027312	0.001910	0.033885	0.261862	0.252691	0.595546
2021-07-29 06:13:31.000000 	-136.000000	58.214554	-154.150293	190.200055	-0.018607	-0.007390	0.011482	0.284099	0.226931	0.417508	-0.153049	-0.010925	-0.001463	0.020278	0.207726	0.200450	0.472432
2021-07-29 06:13:32.000000 	-135.000000	58.214554	-154.150293	190.200055	-0.026575	-0.020062	0.007401	0.323760	0.258620	0.475804	-0.173791	-0.023866	0.006467	0.023497	0.236728	0.228436	0.538397
2021-07-29 06:13:33.000000 	-134.000000	58.214554	-154.150293	190.200055	-0.037128	-0.016061	0.016257	0.327954	0.261978	0.481978	-0.170222	-0.025791	-0.001734	0.035108	0.239797	0.231396	0.545383
2021-07-29 06:13:34.000000 	-133.000000	58.214554	-154.150293	190.200055	-0.032189	-0.011719	0.014037	0.258909	0.206829	0.380513	-0.133166	-0.021573	-0.003488	0.029882	0.189313	0.182680	0.430570
2021-07-29 06:13:35.000000 	-132.000000	58.214554	-154.150293	190.200055	-0.031664	-0.013116	0.020480	0.347188	0.277359	0.510266	-0.181601	-0.018295	-0.002002	0.035430	0.253865	0.244969	0.577392
2021-07-29 06:13:36.000000 	-131.000000	58.214554	-154.150293	190.200055	-0.032971	-0.018365	-0.015113	0.349082	0.278881	0.513061	-0.195049	-0.039989	0.002152	0.007000	0.255253	0.246307	0.580554
2021-07-29 06:13:37.000000 	-130.000000	58.214554	-154.150293	190.200055	-0.028422	-0.014544	0.024358	0.301449	0.240834	0.443062	-0.154515	-0.014303	0.000697	0.037518	0.220425	0.212699	0.501346
2021-07-29 06:13:38.000000 	-129.000000	58.214554	-154.150293	190.200055	-0.037804	-0.017669	0.030145	0.294442	0.235244	0.432773	-0.145165	-0.019588	-0.000582	0.047602	0.215304	0.207757	0.489704
2021-07-29 06:13:39.000000 	-128.000000	58.214554	-154.150293	190.200055	-0.028594	-0.016544	-0.002386	0.337255	0.269457	0.495711	-0.185089	-0.029262	0.002422	0.015326	0.246612	0.237967	0.560920
2021-07-29 06:13:40.000000 	-127.000000	58.214554	-154.150293	190.200055	-0.029288	-0.006221	0.018531	0.356215	0.284614	0.523590	-0.188922	-0.014949	-0.007171	0.031064	0.260479	0.251346	0.592466
2021-07-29 06:13:41.000000 	-126.000000	58.214554	-154.150293	190.200055	-0.034035	-0.016419	0.029996	0.248759	0.198763	0.365651	-0.120092	-0.016321	-0.000064	0.045402	0.181904	0.175526	0.413751
2021-07-29 06:13:42.000000 	-125.000000	58.214554	-154.150293	190.200055	-0.026071	-0.017249	-0.001081	0.310800	0.248343	0.456855	-0.170004	-0.026906	0.004155	0.015401	0.227274	0.219304	0.516953
2021-07-29 06:13:43.000000 	-124.000000	58.214554	-154.150293	190.200055	-0.038581	-0.020878	0.029377	0.307324	0.245574	0.451756	-0.152315	-0.021777	0.001968	0.048055	0.224735	0.216853	0.511182
2021-07-29 06:13:44.000000 	-123.000000	58.214554	-154.150293	190.200055	-0.025273	-0.014744	-0.004520	0.380806	0.304301	0.559784	-0.212173	-0.027179	0.002249	0.011524	0.278472	0.268705	0.633420
2021-07-29 06:13:45.000000 	-122.000000	58.214554	-154.150293	190.200055	-0.026227	-0.012296	0.015500	0.264751	0.211568	0.389191	-0.137694	-0.016455	-0.000370	0.028432	0.193607	0.186815	0.440387
2021-07-29 06:13:46.000000 	-121.000000	58.214554	-154.150293	190.200055	-0.025646	-0.011628	0.014726	0.338096	0.270188	0.497021	-0.180475	-0.016171	-0.000718	0.027345	0.247244	0.238570	0.562400
2021-07-29 06:13:47.000000 	-120.000000	58.214554	-154.150293	190.200055	-0.041697	-0.011528	0.018149	0.320260	0.255942	0.470811	-0.164169	-0.026610	-0.007806	0.037841	0.234204	0.225986	0.532742
2021-07-29 06:13:48.000000 	-119.000000	58.214554	-154.150293	190.200055	-0.023069	-0.009878	0.001254	0.269380	0.215287	0.396021	-0.146973	-0.020648	-0.001169	0.014270	0.196998	0.190085	0.448114
2021-07-29 06:13:49.000000 	-118.000000	58.214554	-154.150293	190.200055	-0.038138	-0.026554	0.026818	0.328278	0.262366	0.482618	-0.164858	-0.024890	0.007269	0.046973	0.240072	0.231647	0.546102
2021-07-29 06:13:50.000000 	-117.000000	58.214554	-154.150293	190.200055	-0.029201	-0.010892	0.017992	0.366253	0.292726	0.538460	-0.194495	-0.016898	-0.002930	0.031637	0.267847	0.258446	0.609289
2021-07-29 06:13:51.000000 	-116.000000	58.214554	-154.150293	190.200055	-0.037486	-0.021148	0.016281	0.297980	0.238166	0.438095	-0.152232	-0.027937	0.002687	0.036466	0.217920	0.210270	0.495721
2021-07-29 06:13:52.000000 	-115.000000	58.214554	-154.150293	190.200055	-0.026640	-0.006293	0.009416	0.289516	0.231409	0.425660	-0.154804	-0.017752	-0.005952	0.022077	0.211732	0.204299	0.481651
2021-07-29 06:13:53.000000 	-114.000000	58.214554	-154.150293	190.200055	-0.037372	-0.017853	0.029821	0.325178	0.259921	0.478102	-0.163154	-0.019497	-0.000228	0.047164	0.237815	0.229466	0.540990
2021-07-29 06:13:54.000000 	-113.000000	58.214554	-154.150293	190.200055	-0.034045	-0.030030	0.010235	0.295210	0.235974	0.434049	-0.152771	-0.031783	0.012182	0.031735	0.215900	0.208319	0.491142
2021-07-29 06:13:55.000000 	-112.000000	58.214554	-154.150293	190.200055	-0.026156	-0.012766	0.010394	0.344276	0.275203	0.506202	-0.185452	-0.019265	0.000084	0.024166	0.251787	0.242945	0.572786
2021-07-29 06:13:56.000000 	-111.000000	58.214554	-154.150293	190.200055	-0.033665	-0.012496	0.025956	0.348536	0.278617	0.512476	-0.179766	-0.016712	-0.003432	0.040891	0.254906	0.245953	0.579885
2021-07-29 06:13:57.000000 	-110.000000	58.214554	-154.150293	190.200055	-0.030117	-0.003821	0.008517	0.290936	0.232580	0.427792	-0.155171	-0.019968	-0.009693	0.022393	0.212782	0.205308	0.484062
2021-07-29 06:13:58.000000 	-109.000000	58.214554	-154.150293	190.200055	-0.026798	-0.018591	0.007573	0.302916	0.242164	0.445417	-0.161853	-0.023401	0.005047	0.023410	0.221546	0.213763	0.504004
2021-07-29 06:13:59.000000 	-108.000000	58.214554	-154.150293	190.200055	-0.029253	-0.018565	-0.001283	0.299705	0.239605	0.440704	-0.162591	-0.029934	0.003953	0.017040	0.219200	0.211499	0.498672
2021-07-29 06:14:00.000000 	-107.000000	58.214554	-154.150293	190.200055	-0.041509	-0.008636	0.036709	0.346204	0.276788	0.509091	-0.172305	-0.015618	-0.010326	0.052864	0.253211	0.244315	0.576053
2021-07-29 06:14:01.000000 	-106.000000	58.214554	-154.150293	190.200055	-0.032979	-0.022899	0.021362	0.253796	0.202915	0.373214	-0.125897	-0.022463	0.006228	0.039051	0.185627	0.179104	0.422303
2021-07-29 06:14:02.000000 	-105.000000	58.214554	-154.150293	190.200055	-0.029753	-0.018344	0.015333	0.376917	0.301362	0.554277	-0.200729	-0.021483	0.003536	0.031350	0.275681	0.265992	0.627182
2021-07-29 06:14:03.000000 	-104.000000	58.214554	-154.150293	190.200055	-0.027155	-0.017246	0.004281	0.327207	0.261625	0.481186	-0.177168	-0.024910	0.003681	0.020472	0.239325	0.230913	0.544476
2021-07-29 06:14:04.000000 	-103.000000	58.214554	-154.150293	190.200055	-0.035487	-0.011416	0.019918	0.312052	0.249515	0.458908	-0.160665	-0.020886	-0.005199	0.036375	0.228243	0.220220	0.519269
2021-07-29 06:14:05.000000 	-102.000000	58.214554	-154.150293	190.200055	-0.028831	-0.014539	-0.007374	0.297319	0.237742	0.437251	-0.164066	-0.031328	0.000514	0.010738	0.217469	0.209824	0.494762
2021-07-29 06:14:06.000000 	-101.000000	58.214554	-154.150293	190.200055	-0.026462	-0.012701	0.028524	0.335254	0.268084	0.493050	-0.173119	-0.009925	-0.000107	0.039707	0.245219	0.236597	0.557900
2021-07-29 06:14:07.000000 	-100.000000	58.214554	-154.150293	190.200055	-0.043485	-0.017217	0.005376	0.279448	0.223466	0.410985	-0.144138	-0.036814	-0.003466	0.029137	0.204402	0.197214	0.465041
2021-07-29 06:14:08.000000 	-99.000000	58.214554	-154.150293	190.200055	-0.021621	-0.019765	0.011630	0.343542	0.274729	0.505260	-0.185046	-0.017739	0.008360	0.024674	0.251286	0.242449	0.571714
2021-07-29 06:14:09.000000 	-98.000000	58.214554	-154.150293	190.200055	-0.033385	-0.011037	0.040783	0.312934	0.250260	0.460253	-0.153612	-0.008147	-0.004624	0.053027	0.228900	0.220850	0.520788
2021-07-29 06:14:10.000000 	-97.000000	58.214554	-154.150293	190.200055	-0.029380	-0.016322	0.002807	0.302190	0.241675	0.444461	-0.162753	-0.027045	0.001879	0.020061	0.221045	0.213269	0.502918
2021-07-29 06:14:11.000000 	-96.000000	58.214554	-154.150293	190.200055	-0.035288	-0.007029	0.036859	0.305748	0.244529	0.449703	-0.150874	-0.010184	-0.009061	0.049673	0.223649	0.215782	0.508849
2021-07-29 06:14:12.000000 	-95.000000	58.214554	-154.150293	190.200055	-0.023120	-0.024999	-0.000331	0.333441	0.266685	0.490445	-0.182705	-0.027125	0.012417	0.016420	0.243909	0.235328	0.554950
2021-07-29 06:14:13.000000 	-94.000000	58.214554	-154.150293	190.200055	-0.030631	-0.010304	0.009646	0.352458	0.281904	0.518427	-0.189450	-0.022170	-0.004082	0.025086	0.257823	0.248751	0.586612
2021-07-29 06:14:14.000000 	-93.000000	58.214554	-154.150293	190.200055	-0.044231	-0.019271	0.030615	0.299726	0.239735	0.440872	-0.145977	-0.024852	-0.001943	0.051417	0.219252	0.211536	0.498857
2021-07-29 06:14:15.000000 	-92.000000	58.214554	-154.150293	190.200055	-0.026651	-0.010475	0.005935	0.329572	0.263616	0.484784	-0.178819	-0.021144	-0.002193	0.020084	0.241088	0.232603	0.548543
2021-07-29 06:14:16.000000 	-91.000000	58.214554	-154.150293	190.200055	-0.028251	-0.015256	0.020937	0.279834	0.223839	0.411630	-0.143412	-0.016237	0.001412	0.034693	0.204706	0.197501	0.465768
2021-07-29 06:14:17.000000 	-90.000000	58.214554	-154.150293	190.200055	-0.034380	-0.017189	0.021725	0.380449	0.304330	0.559644	-0.199136	-0.021227	0.000479	0.038712	0.278311	0.268514	0.633248
2021-07-29 06:14:18.000000 	-89.000000	58.214554	-154.150293	190.200055	-0.028342	-0.019187	0.005426	0.307642	0.246098	0.452554	-0.164897	-0.025934	0.004910	0.022454	0.225053	0.217130	0.512073
2021-07-29 06:14:19.000000 	-88.000000	58.214554	-154.150293	190.200055	-0.031309	-0.012616	0.004786	0.253989	0.203185	0.373636	-0.134015	-0.026105	-0.002298	0.021808	0.185806	0.179264	0.422776
2021-07-29 06:14:20.000000 	-87.000000	58.214554	-154.150293	190.200055	-0.039067	-0.012516	0.024597	0.338894	0.271115	0.498547	-0.173198	-0.021568	-0.005771	0.042302	0.247921	0.239191	0.564114
2021-07-29 06:14:21.000000 	-86.000000	58.214554	-154.150293	190.200055	-0.032361	-0.025695	0.018728	0.362458	0.289976	0.533223	-0.189515	-0.024414	0.009014	0.037161	0.265163	0.255824	0.603350
2021-07-29 06:14:22.000000 	-85.000000	58.214554	-154.150293	190.200055	-0.029488	-0.005561	0.029016	0.296420	0.237151	0.436080	-0.150425	-0.009334	-0.007852	0.039920	0.216854	0.209216	0.493431
2021-07-29 06:14:23.000000 	-84.000000	58.214554	-154.150293	190.200055	-0.021703	-0.019404	-0.010895	0.308937	0.247173	0.454505	-0.173630	-0.029532	0.007999	0.005484	0.226014	0.218053	0.514278
2021-07-29 06:14:24.000000 	-83.000000	58.214554	-154.150293	190.200055	-0.035204	-0.019054	0.029247	0.335879	0.268737	0.494151	-0.170090	-0.018586	0.001798	0.045925	0.245727	0.237070	0.559138
2021-07-29 06:14:25.000000 	-82.000000	58.214554	-154.150293	190.200055	-0.030651	-0.011124	0.004174	0.343750	0.275044	0.505742	-0.186437	-0.025372	-0.003353	0.020632	0.251489	0.242628	0.572253
2021-07-29 06:14:26.000000 	-81.000000	58.214554	-154.150293	190.200055	-0.031701	-0.009108	0.008768	0.282279	0.225866	0.415311	-0.149132	-0.023007	-0.005625	0.024572	0.206519	0.199241	0.469928
2021-07-29 06:14:27.000000 	-80.000000	58.214554	-154.150293	190.200055	-0.033490	-0.012150	0.019644	0.328839	0.263130	0.483824	-0.171001	-0.019775	-0.003668	0.035363	0.240586	0.232107	0.547452
2021-07-29 06:14:28.000000 	-79.000000	58.214554	-154.150293	190.200055	-0.027360	-0.016867	0.032596	0.324587	0.259736	0.477577	-0.164703	-0.010011	0.003250	0.044550	0.237478	0.229108	0.540383
2021-07-29 06:14:29.000000 	-78.000000	58.214554	-154.150293	190.200055	-0.040146	-0.020169	0.011285	0.306999	0.245670	0.451709	-0.158680	-0.032241	0.000647	0.033255	0.224613	0.216695	0.511112
2021-07-29 06:14:30.000000 	-77.000000	58.214554	-154.150293	190.200055	-0.010812	-0.008901	-0.005906	0.332504	0.266088	0.489245	-0.189659	-0.014681	0.003296	0.002149	0.243276	0.234700	0.553585
2021-07-29 06:14:31.000000 	-76.000000	58.214554	-154.150293	190.200055	-0.035635	-0.012741	0.011302	0.352955	0.282464	0.519347	-0.187415	-0.026029	-0.004071	0.029425	0.258242	0.249137	0.587645
2021-07-29 06:14:32.000000 	-75.000000	58.214554	-154.150293	190.200055	-0.039474	-0.013894	0.046550	0.280145	0.224202	0.412221	-0.130383	-0.010826	-0.004707	0.061472	0.204973	0.197745	0.466431
2021-07-29 06:14:33.000000 	-74.000000	58.214554	-154.150293	190.200055	-0.026429	-0.008660	0.005712	0.333493	0.266906	0.490730	-0.181444	-0.020418	-0.003730	0.019372	0.244009	0.235404	0.555263
2021-07-29 06:14:34.000000 	-73.000000	58.214554	-154.150293	190.200055	-0.035175	-0.020470	0.035586	0.326530	0.261342	0.480495	-0.162074	-0.015750	0.003085	0.051625	0.238917	0.230491	0.543681
2021-07-29 06:14:35.000000 	-72.000000	58.214554	-154.150293	190.200055	-0.032233	-0.011974	-0.005090	0.285025	0.228130	0.419427	-0.155404	-0.031777	-0.003278	0.013703	0.208551	0.201195	0.474583
2021-07-29 06:14:36.000000 	-71.000000	58.214554	-154.150293	190.200055	-0.024317	-0.008707	0.007771	0.349518	0.279759	0.514342	-0.190492	-0.017736	-0.002767	0.020132	0.255744	0.246722	0.581979
2021-07-29 06:14:37.000000 	-70.000000	58.214554	-154.150293	190.200055	-0.027447	-0.017761	0.012593	0.292316	0.233981	0.430174	-0.153799	-0.020945	0.004017	0.027794	0.213891	0.206345	0.486742
2021-07-29 06:14:38.000000 	-69.000000	58.214554	-154.150293	190.200055	-0.044134	-0.018662	0.014494	0.378131	0.302680	0.556471	-0.197572	-0.033043	-0.002448	0.037528	0.276687	0.266924	0.629646
2021-07-29 06:14:39.000000 	-68.000000	58.214554	-154.150293	190.200055	-0.026311	-0.018148	0.028683	0.280874	0.224837	0.413352	-0.141224	-0.011744	0.004860	0.041022	0.205524	0.198271	0.467707
2021-07-29 06:14:40.000000 	-67.000000	58.214554	-154.150293	190.200055	-0.028233	-0.007843	0.001659	0.347007	0.277785	0.510688	-0.190339	-0.023630	-0.005252	0.016595	0.253919	0.244958	0.577842
2021-07-29 06:14:41.000000 	-66.000000	58.214554	-154.150293	190.200055	-0.041298	-0.015894	0.041994	0.301178	0.241106	0.443251	-0.143645	-0.015362	-0.003703	0.058923	0.220387	0.212608	0.501536
2021-07-29 06:14:42.000000 	-65.000000	58.214554	-154.150293	190.200055	-0.022984	-0.013987	0.004038	0.343261	0.274804	0.505195	-0.188144	-0.020639	0.002566	0.017540	0.251184	0.242317	0.571625
2021-07-29 06:14:43.000000 	-64.000000	58.214554	-154.150293	190.200055	-0.030800	-0.010302	0.003365	0.305238	0.244372	0.449243	-0.164594	-0.025607	-0.004158	0.019827	0.223364	0.215478	0.508316
2021-07-29 06:14:44.000000 	-63.000000	58.214554	-154.150293	190.200055	-0.024985	-0.016486	0.008458	0.308931	0.247336	0.454687	-0.165827	-0.020768	0.003942	0.022819	0.226069	0.218087	0.514476
2021-07-29 06:14:45.000000 	-62.000000	58.214554	-154.150293	190.200055	-0.046611	-0.007318	0.030407	0.348766	0.279238	0.513327	-0.174920	-0.022352	-0.013737	0.049622	0.255223	0.246210	0.580826
2021-07-29 06:14:46.000000 	-61.000000	58.214554	-154.150293	190.200055	-0.020274	-0.009334	0.003169	0.316759	0.253620	0.466227	-0.174489	-0.017299	-0.000439	0.014448	0.231803	0.223617	0.527532
2021-07-29 06:14:47.000000 	-60.000000	58.214554	-154.150293	190.200055	-0.035462	-0.028170	0.035735	0.318107	0.254707	0.468220	-0.156168	-0.018744	0.009889	0.053656	0.232792	0.224570	0.529786
2021-07-29 06:14:48.000000 	-59.000000	58.214554	-154.150293	190.200055	-0.037835	-0.015182	0.017381	0.341221	0.273223	0.502251	-0.177452	-0.025414	-0.002833	0.036196	0.249711	0.240890	0.568292
2021-07-29 06:14:49.000000 	-58.000000	58.214554	-154.150293	190.200055	-0.025071	-0.015647	0.005418	0.313857	0.251321	0.461983	-0.169904	-0.022124	0.003150	0.020083	0.229689	0.221574	0.522728
2021-07-29 06:14:50.000000 	-57.000000	58.214554	-154.150293	190.200055	-0.042139	-0.009269	0.025482	0.307281	0.246063	0.452312	-0.154043	-0.022248	-0.010031	0.043764	0.224879	0.216933	0.511785
2021-07-29 06:14:51.000000 	-56.000000	58.214554	-154.150293	190.200055	-0.022212	-0.002860	0.011053	0.306073	0.245104	0.450542	-0.165395	-0.012229	-0.007110	0.020582	0.223998	0.216082	0.509782
2021-07-29 06:14:52.000000 	-55.000000	58.214554	-154.150293	190.200055	-0.033841	-0.025692	0.028829	0.338281	0.270905	0.497963	-0.171299	-0.020225	0.008366	0.046448	0.247573	0.238823	0.563438
2021-07-29 06:14:53.000000 	-54.000000	58.214554	-154.150293	190.200055	-0.035476	-0.020058	-0.008035	0.327939	0.262631	0.482749	-0.179398	-0.038804	0.002583	0.014593	0.240007	0.231524	0.546223
2021-07-29 06:14:54.000000 	-53.000000	58.214554	-154.150293	190.200055	-0.029032	-0.007502	0.014328	0.291517	0.233470	0.429141	-0.153343	-0.017442	-0.005907	0.027665	0.213354	0.205812	0.485566
2021-07-29 06:14:55.000000 	-52.000000	58.214554	-154.150293	190.200055	-0.019146	-0.012295	0.008997	0.372803	0.298581	0.548813	-0.204524	-0.014464	0.002717	0.019547	0.272849	0.263203	0.620972
2021-07-29 06:14:56.000000 	-51.000000	58.214554	-154.150293	190.200055	-0.046072	-0.017339	0.041178	0.312348	0.250170	0.459824	-0.148888	-0.019980	-0.004484	0.060825	0.228606	0.220523	0.520282
2021-07-29 06:14:57.000000 	-50.000000	58.214554	-154.150293	190.200055	-0.034467	-0.010972	0.011958	0.300578	0.240751	0.442506	-0.157515	-0.024134	-0.005154	0.029023	0.219994	0.212215	0.500686
2021-07-29 06:14:58.000000 	-49.000000	58.214554	-154.150293	190.200055	-0.031841	-0.020395	0.011252	0.381622	0.305674	0.561828	-0.204287	-0.025990	0.004472	0.029343	0.279314	0.269436	0.635696
2021-07-29 06:14:59.000000 	-48.000000	58.214554	-154.150293	190.200055	-0.026846	-0.011122	0.006848	0.250456	0.200618	0.368732	-0.132785	-0.021051	-0.001696	0.021101	0.183315	0.176831	0.417211
2021-07-29 06:15:00.000000 	-47.000000	58.214554	-154.150293	190.200055	-0.037042	-0.027924	0.032550	0.378402	0.303114	0.557109	-0.191845	-0.021541	0.008979	0.051641	0.276965	0.267168	0.630356
2021-07-29 06:15:01.000000 	-46.000000	58.214554	-154.150293	190.200055	-0.023012	-0.000796	0.001423	0.258553	0.207117	0.380666	-0.141670	-0.017149	-0.009317	0.012301	0.189246	0.182551	0.430714
2021-07-29 06:15:02.000000 	-45.000000	58.214554	-154.150293	190.200055	-0.040105	-0.015001	0.027525	0.313119	0.250837	0.461013	-0.156698	-0.021740	-0.003986	0.045853	0.229189	0.221079	0.521624
2021-07-29 06:15:03.000000 	-44.000000	58.214554	-154.150293	190.200055	-0.032564	-0.019314	0.016138	0.328705	0.263331	0.483970	-0.171823	-0.023568	0.003183	0.033590	0.240600	0.232086	0.547598
2021-07-29 06:15:04.000000 	-43.000000	58.214554	-154.150293	190.200055	-0.028755	-0.008190	0.018171	0.339775	0.272209	0.500279	-0.179704	-0.015461	-0.005167	0.030958	0.248707	0.239905	0.566051
2021-07-29 06:15:05.000000 	-42.000000	58.214554	-154.150293	190.200055	-0.021826	-0.015285	0.010736	0.328566	0.263238	0.483784	-0.177336	-0.016706	0.004239	0.022983	0.240506	0.231993	0.547388
2021-07-29 06:15:06.000000 	-41.000000	58.214554	-154.150293	190.200055	-0.034457	-0.025101	0.019615	0.325585	0.260858	0.479403	-0.167450	-0.025330	0.007565	0.038772	0.238326	0.229890	0.542430
2021-07-29 06:15:07.000000 	-40.000000	58.214554	-154.150293	190.200055	-0.032641	-0.013136	0.010408	0.306411	0.245504	0.451181	-0.161811	-0.024356	-0.002411	0.027337	0.224295	0.216354	0.510497
2021-07-29 06:15:08.000000 	-39.000000	58.214554	-154.150293	190.200055	-0.025688	-0.013254	0.012715	0.305903	0.245105	0.450441	-0.162658	-0.017866	0.000727	0.026029	0.223926	0.215997	0.509659
2021-07-29 06:15:09.000000 	-38.000000	58.214554	-154.150293	190.200055	-0.039679	-0.018448	0.025338	0.345490	0.276833	0.508743	-0.176010	-0.023844	-0.000699	0.044584	0.252908	0.243952	0.575625
2021-07-29 06:15:10.000000 	-37.000000	58.214554	-154.150293	190.200055	-0.045840	-0.016283	0.038546	0.322858	0.258707	0.475425	-0.156205	-0.020798	-0.005333	0.058235	0.236344	0.227974	0.537927
2021-07-29 06:15:11.000000 	-36.000000	58.214554	-154.150293	190.200055	-0.026980	-0.015595	0.022320	0.241145	0.193237	0.355105	-0.120960	-0.014662	0.002271	0.035343	0.176530	0.170277	0.401789
2021-07-29 06:15:12.000000 	-35.000000	58.214554	-154.150293	190.200055	-0.016784	-0.013495	-0.010073	0.383907	0.307647	0.565345	-0.218766	-0.023146	0.004827	0.002493	0.281043	0.271087	0.639667
2021-07-29 06:15:13.000000 	-34.000000	58.214554	-154.150293	190.200055	-0.044546	-0.020100	0.025045	0.335087	0.268533	0.493461	-0.168482	-0.028334	-0.001334	0.047022	0.245307	0.236616	0.558332
2021-07-29 06:15:14.000000 	-33.000000	58.214554	-154.150293	190.200055	-0.044329	-0.013072	0.034419	0.304381	0.243934	0.448250	-0.147916	-0.020625	-0.007564	0.053273	0.222831	0.214935	0.507177
2021-07-29 06:15:15.000000 	-32.000000	58.214554	-154.150293	190.200055	-0.017075	-0.005420	-0.006059	0.322424	0.258402	0.474831	-0.182624	-0.018262	-0.002567	0.004189	0.236043	0.227679	0.537252
2021-07-29 06:15:16.000000 	-31.000000	58.214554	-154.150293	190.200055	-0.040631	-0.016916	0.026977	0.293156	0.234954	0.431736	-0.145034	-0.023141	-0.002492	0.046076	0.214619	0.207013	0.488491
2021-07-29 06:15:17.000000 	-30.000000	58.214554	-154.150293	190.200055	-0.023423	-0.010868	0.004346	0.338488	0.271295	0.498507	-0.185563	-0.019657	-0.000432	0.017294	0.247811	0.239027	0.564039
2021-07-29 06:15:18.000000 	-29.000000	58.214554	-154.150293	190.200055	-0.028699	-0.013759	0.011106	0.300358	0.240742	0.442360	-0.159171	-0.021203	-0.000131	0.026205	0.219899	0.212103	0.500510
2021-07-29 06:15:19.000000 	-28.000000	58.214554	-154.150293	190.200055	-0.035977	-0.009650	0.027708	0.343051	0.274970	0.505247	-0.175689	-0.016503	-0.007002	0.042823	0.251159	0.242254	0.571663
2021-07-29 06:15:20.000000 	-27.000000	58.214554	-154.150293	190.200055	-0.034858	-0.024321	0.024139	0.305238	0.244670	0.449564	-0.153967	-0.022964	0.006689	0.042629	0.223478	0.215554	0.508660
2021-07-29 06:15:21.000000 	-26.000000	58.214554	-154.150293	190.200055	-0.033862	-0.011957	0.014964	0.331854	0.266014	0.488775	-0.174553	-0.022453	-0.004004	0.031517	0.242968	0.234352	0.553025
2021-07-29 06:15:22.000000 	-25.000000	58.214554	-154.150293	190.200055	-0.029815	-0.015827	0.018479	0.328218	0.263107	0.483428	-0.171869	-0.018940	0.001244	0.033475	0.240309	0.231787	0.546974
2021-07-29 06:15:23.000000 	-24.000000	58.214554	-154.150293	190.200055	-0.042788	-0.014362	0.016028	0.267788	0.214673	0.394429	-0.134109	-0.029612	-0.005731	0.037205	0.196068	0.189114	0.446276
2021-07-29 06:15:24.000000 	-23.000000	58.214554	-154.150293	190.200055	-0.031286	-0.025190	0.029320	0.340362	0.272861	0.501334	-0.173156	-0.017824	0.009029	0.045539	0.249209	0.240368	0.567234
2021-07-29 06:15:25.000000 	-22.000000	58.214554	-154.150293	190.200055	-0.025501	-0.007428	-0.009618	0.328898	0.263679	0.484457	-0.185053	-0.027326	-0.004434	0.005618	0.240818	0.232275	0.548137
2021-07-29 06:15:26.000000 	-21.000000	58.214554	-154.150293	190.200055	-0.035441	-0.006099	0.022934	0.279079	0.223747	0.411083	-0.141122	-0.017292	-0.009964	0.037696	0.204344	0.197094	0.465118
2021-07-29 06:15:27.000000 	-20.000000	58.214554	-154.150293	190.200055	-0.025459	-0.016175	0.028633	0.340222	0.272776	0.501155	-0.175999	-0.010388	0.003456	0.040122	0.249117	0.240277	0.567029
2021-07-29 06:15:28.000000 	-19.000000	58.214554	-154.150293	190.200055	-0.038276	-0.011453	0.029635	0.321920	0.258111	0.474206	-0.161915	-0.017915	-0.006382	0.045965	0.235720	0.227354	0.536536
2021-07-29 06:15:29.000000 	-18.000000	58.214554	-154.150293	190.200055	-0.038375	-0.012520	0.015998	0.314527	0.252192	0.463323	-0.162761	-0.025569	-0.005464	0.034665	0.230310	0.222135	0.524223
2021-07-29 06:15:30.000000 	-17.000000	58.214554	-154.150293	190.200055	-0.020238	-0.026555	-0.005554	0.372486	0.298675	0.548713	-0.207967	-0.028249	0.015074	0.010971	0.272754	0.263072	0.620835
2021-07-29 06:15:31.000000 	-16.000000	58.214554	-154.150293	190.200055	-0.036116	-0.017473	0.026053	0.257000	0.206080	0.378596	-0.125802	-0.020380	-0.000022	0.043279	0.188192	0.181511	0.428358
2021-07-29 06:15:32.000000 	-15.000000	58.214554	-154.150293	190.200055	-0.039973	-0.000001	0.030527	0.338091	0.271113	0.498063	-0.171411	-0.014499	-0.017428	0.044897	0.247576	0.238785	0.563527
2021-07-29 06:15:33.000000 	-14.000000	58.214554	-154.150293	190.200055	-0.029114	-0.011584	0.017004	0.299102	0.239857	0.440634	-0.156327	-0.017608	-0.002269	0.030915	0.219029	0.211250	0.498550
2021-07-29 06:15:34.000000 	-13.000000	58.214554	-154.150293	190.200055	-0.037183	-0.025863	0.020882	0.331039	0.265476	0.487692	-0.169290	-0.027030	0.007063	0.041316	0.242419	0.233809	0.551792
2021-07-29 06:15:35.000000 	-12.000000	58.214554	-154.150293	190.200055	-0.017998	-0.014728	0.002138	0.341703	0.274038	0.503412	-0.189397	-0.018100	0.005407	0.013731	0.250232	0.241344	0.569577
2021-07-29 06:15:36.000000 	-11.000000	58.214554	-154.150293	190.200055	-0.047808	-0.005875	0.015463	0.308922	0.247756	0.455126	-0.157409	-0.030605	-0.015558	0.037156	0.226230	0.218193	0.514944
2021-07-29 06:15:37.000000 	-10.000000	58.214554	-154.150293	190.200055	-0.032315	-0.033075	0.026970	0.293297	0.235233	0.432115	-0.145562	-0.022772	0.015676	0.045839	0.214791	0.207160	0.488908
2021-07-29 06:15:38.000000 	-9.000000	58.214554	-154.150293	190.200055	-0.036812	-0.006227	0.027629	0.327353	0.262556	0.482297	-0.166777	-0.015915	-0.010447	0.042366	0.239735	0.231216	0.545685
2021-07-29 06:15:39.000000 	-8.000000	58.214554	-154.150293	190.200055	-0.025740	-0.012227	0.017768	0.326886	0.262191	0.481619	-0.172958	-0.014863	-0.000219	0.030113	0.239397	0.230889	0.544917
2021-07-29 06:15:40.000000 	-7.000000	58.214554	-154.150293	190.200055	-0.036119	-0.016079	0.013646	0.312482	0.250646	0.460405	-0.162797	-0.026401	-0.001279	0.032414	0.228851	0.220717	0.520914
2021-07-29 06:15:41.000000 	-6.000000	58.214554	-154.150293	190.200055	-0.035374	-0.009221	0.010935	0.312570	0.250724	0.460542	-0.164819	-0.024718	-0.007126	0.028181	0.228919	0.220782	0.521069
2021-07-29 06:15:42.000000 	-5.000000	58.214554	-154.150293	190.200055	-0.024448	-0.016089	0.012506	0.342965	0.275115	0.505336	-0.184212	-0.018078	0.003819	0.025915	0.251184	0.242254	0.571750
2021-07-29 06:15:43.000000 	-4.000000	58.214554	-154.150293	190.200055	-0.031797	-0.015650	0.023133	0.304910	0.244597	0.449273	-0.156116	-0.017939	0.000220	0.038331	0.223316	0.215376	0.508318
2021-07-29 06:15:44.000000 	-3.000000	58.214554	-154.150293	190.200055	-0.035153	-0.019562	0.029371	0.343581	0.275628	0.506263	-0.174614	-0.018670	0.002278	0.046122	0.251643	0.242695	0.572796
2021-07-29 06:15:45.000000 	-2.000000	58.214554	-154.150293	190.200055	-0.034314	-0.002243	0.012432	0.290074	0.232712	0.427429	-0.152226	-0.020532	-0.012943	0.027349	0.212458	0.204902	0.483601
2021-07-29 06:15:46.000000 	-1.000000	58.214554	-154.150293	190.200055	-0.028924	-0.017005	0.013759	0.328472	0.263526	0.484018	-0.174012	-0.021182	0.002692	0.029312	0.240585	0.232028	0.547627
2021-07-29 06:15:47.000000 	0.000000	58.214554	-154.150293	190.200055	-0.044247	-0.018162	0.030533	0.321595	0.258017	0.473892	-0.158953	-0.024496	-0.002947	0.051099	0.235552	0.227172	0.536170
2021-07-29 06:15:48.000000 	1.000000	58.214554	-154.150293	190.200055	-0.024166	-0.013400	0.002227	0.336484	0.269972	0.495842	-0.184800	-0.022280	0.001523	0.016426	0.246461	0.237693	0.561003
2021-07-29 06:15:49.000000 	2.000000	58.214554	-154.150293	190.200055	-0.034671	-0.007175	0.019242	0.286664	0.230007	0.422434	-0.147109	-0.019046	-0.008660	0.034439	0.209973	0.202502	0.477948
2021-07-29 06:15:50.000000 	3.000000	58.214554	-154.150293	190.200055	-0.029916	-0.020284	-0.000874	0.299055	0.239957	0.440701	-0.161849	-0.030863	0.005211	0.018096	0.219053	0.211257	0.498615
2021-07-29 06:15:51.000000 	4.000000	58.214554	-154.150293	190.200055	-0.038214	-0.009004	0.045605	0.333468	0.267579	0.491424	-0.162549	-0.008547	-0.008559	0.058948	0.244264	0.235570	0.556002
2021-07-29 06:15:52.000000 	5.000000	58.214554	-154.150293	190.200055	-0.039709	-0.022615	0.019090	0.345515	0.277255	0.509186	-0.178035	-0.028703	0.003039	0.040244	0.253092	0.244083	0.576098
2021-07-29 06:15:53.000000 	6.000000	58.214554	-154.150293	190.200055	-0.028425	-0.006959	0.029730	0.290638	0.233228	0.428321	-0.147150	-0.008664	-0.006131	0.040344	0.212898	0.205319	0.484606
2021-07-29 06:15:54.000000 	7.000000	58.214554	-154.150293	190.200055	-0.029645	-0.020670	-0.016458	0.319862	0.256688	0.471398	-0.179608	-0.039007	0.005676	0.004810	0.234309	0.225967	0.533343
2021-07-29 06:15:55.000000 	8.000000	58.214554	-154.150293	190.200055	-0.027680	-0.013441	0.031354	0.302403	0.242685	0.445675	-0.152865	-0.009641	0.000027	0.042859	0.221523	0.213635	0.504240
2021-07-29 06:15:56.000000 	9.000000	58.214554	-154.150293	190.200055	-0.037703	-0.011086	0.019760	0.349719	0.280667	0.515419	-0.182063	-0.022542	-0.006463	0.037215	0.256189	0.247065	0.583147
2021-07-29 06:15:57.000000 	10.000000	58.214554	-154.150293	190.200055	-0.042990	-0.020060	0.043622	0.280835	0.225392	0.413904	-0.130434	-0.017343	-0.000691	0.062066	0.205731	0.198403	0.468293
2021-07-29 06:15:58.000000 	11.000000	58.214554	-154.150293	190.200055	-0.033173	-0.016539	0.013857	0.299870	0.240678	0.441967	-0.156299	-0.024208	0.000421	0.031302	0.219679	0.211854	0.500042
2021-07-29 06:15:59.000000 	12.000000	58.214554	-154.150293	190.200055	-0.023096	-0.003415	0.001941	0.384073	0.308270	0.566079	-0.213690	-0.017911	-0.006997	0.013383	0.281368	0.271345	0.640462
2021-07-29 06:16:00.000000 	13.000000	58.214554	-154.150293	190.200055	-0.031191	-0.011221	0.012876	0.238441	0.191387	0.351441	-0.122336	-0.021237	-0.003502	0.028307	0.174683	0.168459	0.397620
2021-07-29 06:16:01.000000 	14.000000	58.214554	-154.150293	190.200055	-0.033140	-0.024371	0.033016	0.373232	0.299590	0.550122	-0.190355	-0.016993	0.007483	0.049371	0.273436	0.263692	0.622406
2021-07-29 06:16:02.000000 	15.000000	58.214554	-154.150293	190.200055	-0.032750	-0.006823	0.006782	0.331144	0.265815	0.488095	-0.178193	-0.024010	-0.008139	0.022857	0.242605	0.233959	0.552228
2021-07-29 06:16:03.000000 	16.000000	58.214554	-154.150293	190.200055	-0.039708	-0.013758	0.029820	0.270032	0.216767	0.398025	-0.131264	-0.019768	-0.004932	0.047330	0.197836	0.190785	0.450323
2021-07-29 06:16:04.000000 	17.000000	58.214554	-154.150293	190.200055	-0.023751	-0.011992	-0.005052	0.327507	0.262913	0.482751	-0.182674	-0.025274	0.000436	0.009718	0.239949	0.231395	0.546181
2021-07-29 06:16:05.000000 	18.000000	58.214554	-154.150293	190.200055	-0.028846	-0.016144	0.035341	0.273336	0.219434	0.402909	-0.133909	-0.009434	0.001952	0.047422	0.200264	0.193124	0.455847
2021-07-29 06:16:06.000000 	19.000000	58.214554	-154.150293	190.200055	-0.036043	-0.027809	0.016744	0.366988	0.294628	0.540966	-0.191819	-0.029059	0.009312	0.037705	0.268884	0.259297	0.612043
2021-07-29 06:16:07.000000 	20.000000	58.214554	-154.150293	190.200055	-0.027172	-0.001257	-0.010662	0.386032	0.309928	0.569049	-0.218629	-0.026868	-0.010716	0.004106	0.282842	0.272756	0.643815
2021-07-29 06:16:08.000000 	21.000000	58.214554	-154.150293	190.200055	-0.043818	-0.018528	0.055054	0.213806	0.171661	0.315176	-0.086842	-0.011387	-0.002431	0.071824	0.156656	0.151069	0.356586
2021-07-29 06:16:09.000000 	22.000000	58.214554	-154.150293	190.200055	-0.019014	-0.011215	0.009827	0.358433	0.287790	0.528383	-0.196267	-0.013526	0.001802	0.019943	0.262629	0.253261	0.597805
2021-07-29 06:16:10.000000 	23.000000	58.214554	-154.150293	190.200055	-0.052213	-0.022480	0.026114	0.352788	0.283267	0.520070	-0.175844	-0.034518	-0.002535	0.052111	0.258497	0.249276	0.588399
2021-07-29 06:16:11.000000 	24.000000	58.214554	-154.150293	190.200055	-0.025820	-0.011889	0.008196	0.316735	0.254328	0.466931	-0.170886	-0.019841	-0.000558	0.021937	0.232085	0.223804	0.528277
2021-07-29 06:16:12.000000 	25.000000	58.214554	-154.150293	190.200055	-0.024063	-0.008196	0.009729	0.301135	0.241810	0.443941	-0.162192	-0.016321	-0.003116	0.021559	0.220658	0.212784	0.502266
2021-07-29 06:16:13.000000 	26.000000	58.214554	-154.150293	190.200055	-0.033947	-0.020507	0.015497	0.313610	0.251836	0.462341	-0.162965	-0.025406	0.003654	0.033975	0.229803	0.221602	0.523082
2021-07-29 06:16:14.000000 	27.000000	58.214554	-154.150293	190.200055	-0.031149	-0.012487	0.021466	0.309414	0.248475	0.456161	-0.159961	-0.017149	-0.002344	0.035880	0.226732	0.218639	0.516091
2021-07-29 06:16:15.000000 	28.000000	58.214554	-154.150293	190.200055	-0.044443	-0.018681	0.041709	0.295249	0.237108	0.435286	-0.139299	-0.018951	-0.002565	0.060811	0.216356	0.208633	0.492472
2021-07-29 06:16:16.000000 	29.000000	58.214554	-154.150293	190.200055	-0.028713	-0.014840	0.013102	0.344122	0.276367	0.507349	-0.183672	-0.020564	0.000836	0.028157	0.252174	0.243171	0.574001
2021-07-29 06:16:17.000000 	30.000000	58.214554	-154.150293	190.200055	-0.033352	-0.008551	0.017494	0.306327	0.246022	0.451634	-0.159469	-0.019468	-0.006847	0.032644	0.224481	0.216466	0.510967
2021-07-29 06:16:18.000000 	31.000000	58.214554	-154.150293	190.200055	-0.036933	-0.019063	0.013393	0.329758	0.264849	0.486188	-0.172393	-0.028263	0.001053	0.033270	0.241656	0.233027	0.550059
2021-07-29 06:16:19.000000 	32.000000	58.214554	-154.150293	190.200055	-0.024547	-0.011804	-0.004039	0.371940	0.298739	0.548390	-0.207766	-0.025280	-0.000080	0.010913	0.272573	0.262839	0.620432
2021-07-29 06:16:20.000000 	33.000000	58.214554	-154.150293	190.200055	-0.022850	-0.004045	0.046808	0.252643	0.202928	0.372505	-0.120071	0.005677	-0.006323	0.051549	0.185151	0.178538	0.421441
2021-07-29 06:16:21.000000 	34.000000	58.214554	-154.150293	190.200055	-0.046974	-0.023381	0.007556	0.312490	0.251007	0.460753	-0.160931	-0.040619	0.000561	0.034060	0.229014	0.220833	0.521281
2021-07-29 06:16:22.000000 	35.000000	58.214554	-154.150293	190.200055	-0.026373	-0.007898	0.034959	0.317858	0.255327	0.468675	-0.161309	-0.004688	-0.004391	0.044032	0.232952	0.224629	0.530243
2021-07-29 06:16:23.000000 	36.000000	58.214554	-154.150293	190.200055	-0.025026	-0.011211	0.002264	0.306954	0.246578	0.452607	-0.167826	-0.022107	-0.000822	0.016362	0.224965	0.216927	0.512062
2021-07-29 06:16:24.000000 	37.000000	58.214554	-154.150293	190.200055	-0.029164	-0.014995	0.013959	0.337503	0.271127	0.497660	-0.179400	-0.020515	0.000779	0.029135	0.247359	0.238519	0.563033
2021-07-29 06:16:25.000000 	38.000000	58.214554	-154.150293	190.200055	-0.048630	-0.019578	0.030268	0.281714	0.226318	0.415404	-0.134521	-0.028513	-0.003585	0.053277	0.206474	0.199094	0.469971
2021-07-29 06:16:26.000000 	39.000000	58.214554	-154.150293	190.200055	-0.029320	-0.012039	0.015123	0.330110	0.265207	0.486775	-0.174963	-0.018925	-0.001950	0.029518	0.241949	0.233300	0.550717
2021-07-29 06:16:27.000000 	40.000000	58.214554	-154.150293	190.200055	-0.028001	-0.007091	0.009884	0.311120	0.249959	0.458781	-0.166899	-0.018842	-0.005828	0.023303	0.228035	0.219882	0.519045
2021-07-29 06:16:28.000000 	41.000000	58.214554	-154.150293	190.200055	-0.022055	-0.015196	0.010714	0.311038	0.249902	0.458668	-0.167383	-0.016860	0.004060	0.023052	0.227979	0.219827	0.518916
2021-07-29 06:16:29.000000 	42.000000	58.214554	-154.150293	190.200055	-0.027882	-0.013655	0.024229	0.334037	0.268390	0.492591	-0.173936	-0.013627	0.000131	0.036949	0.244840	0.236085	0.557294
2021-07-29 06:16:30.000000 	43.000000	58.214554	-154.150293	190.200055	-0.033206	-0.013013	0.010949	0.292691	0.235178	0.431627	-0.153705	-0.024458	-0.002767	0.028037	0.214539	0.206866	0.488322
2021-07-29 06:16:31.000000 	44.000000	58.214554	-154.150293	190.200055	-0.038427	-0.019817	0.028057	0.293000	0.235434	0.432090	-0.145032	-0.021961	0.001079	0.046616	0.214769	0.207087	0.488845
2021-07-29 06:16:32.000000 	45.000000	58.214554	-154.150293	190.200055	-0.033471	-0.006578	0.007399	0.377435	0.303291	0.556616	-0.204581	-0.024145	-0.008674	0.023666	0.276665	0.266767	0.629727
2021-07-29 06:16:33.000000 	46.000000	58.214554	-154.150293	190.200055	-0.026516	-0.011852	0.032856	0.265308	0.213198	0.391265	-0.131434	-0.007370	-0.000895	0.043220	0.194478	0.187520	0.442656
2021-07-29 06:16:34.000000 	47.000000	58.214554	-154.150293	190.200055	-0.045913	-0.015387	0.035235	0.305391	0.245417	0.450387	-0.147656	-0.022265	-0.006171	0.055249	0.223864	0.215854	0.509543
2021-07-29 06:16:35.000000 	48.000000	58.214554	-154.150293	190.200055	-0.030366	-0.019821	0.017325	0.342894	0.275564	0.505703	-0.180363	-0.021450	0.004598	0.033673	0.251359	0.242364	0.572124
2021-07-29 06:16:36.000000 	49.000000	58.214554	-154.150293	190.200055	-0.017718	-0.010399	-0.009749	0.369868	0.297253	0.545495	-0.210869	-0.022543	0.001633	0.002500	0.271138	0.261434	0.617141
2021-07-29 06:16:37.000000 	50.000000	58.214554	-154.150293	190.200055	-0.029804	-0.008738	0.001408	0.212841	0.171060	0.313910	-0.112528	-0.025296	-0.005131	0.017332	0.156029	0.150444	0.355139
2021-07-29 06:16:38.000000 	51.000000	58.214554	-154.150293	190.200055	-0.047252	-0.018820	0.055489	0.348131	0.279803	0.513453	-0.163654	-0.013893	-0.003666	0.073888	0.255213	0.246076	0.580889
2021-07-29 06:16:39.000000 	52.000000	58.214554	-154.150293	190.200055	-0.034450	-0.006665	0.024098	0.328008	0.263639	0.483782	-0.169346	-0.016130	-0.009023	0.038345	0.240465	0.231855	0.547320
2021-07-29 06:16:40.000000 	53.000000	58.214554	-154.150293	190.200055	-0.035194	-0.020541	0.011723	0.336391	0.270387	0.496155	-0.177268	-0.028360	0.003141	0.031366	0.246615	0.237784	0.561317
2021-07-29 06:16:41.000000 	54.000000	58.214554	-154.150293	190.200055	-0.022021	-0.000744	0.014742	0.250595	0.201432	0.369617	-0.132443	-0.009356	-0.008932	0.023141	0.183720	0.177140	0.418160
2021-07-29 06:16:42.000000 	55.000000	58.214554	-154.150293	190.200055	-0.029057	-0.021660	0.024412	0.301464	0.242330	0.444654	-0.153864	-0.017397	0.006824	0.039500	0.221018	0.213101	0.503051
2021-07-29 06:16:43.000000 	56.000000	58.214554	-154.150293	190.200055	-0.043567	-0.019269	0.019686	0.383066	0.307936	0.565025	-0.198903	-0.030100	-0.001655	0.041812	0.280849	0.270788	0.639230
2021-07-29 06:16:44.000000 	57.000000	58.214554	-154.150293	190.200055	-0.025190	-0.010806	0.013994	0.297466	0.239133	0.438773	-0.157924	-0.015903	-0.001258	0.026318	0.218095	0.210281	0.496396
2021-07-29 06:16:45.000000 	58.000000	58.214554	-154.150293	190.200055	-0.039261	-0.009158	0.041074	0.328871	0.264389	0.485104	-0.161544	-0.011792	-0.008876	0.055629	0.241125	0.232485	0.548810
2021-07-29 06:16:46.000000 	59.000000	58.214554	-154.150293	190.200055	-0.030790	-0.013934	0.009419	0.309725	0.249006	0.456870	-0.164795	-0.023756	-0.000885	0.025802	0.227091	0.218953	0.516868
2021-07-29 06:16:47.000000 	60.000000	58.214554	-154.150293	190.200055	-0.027961	-0.016944	0.012789	0.309538	0.248864	0.456601	-0.163896	-0.020933	0.003058	0.028017	0.226958	0.218824	0.516563
2021-07-29 06:16:48.000000 	61.000000	58.214554	-154.150293	190.200055	-0.044136	-0.011872	0.024297	0.333556	0.268184	0.492039	-0.169115	-0.025365	-0.008560	0.044301	0.244574	0.235807	0.556654
2021-07-29 06:16:49.000000 	62.000000	58.214554	-154.150293	190.200055	-0.025809	-0.007270	0.010180	0.301804	0.242664	0.445208	-0.162089	-0.017076	-0.004711	0.022557	0.221296	0.213363	0.503672
2021-07-29 06:16:50.000000 	63.000000	58.214554	-154.150293	190.200055	-0.035686	-0.017001	0.026104	0.317645	0.255410	0.468584	-0.161216	-0.019849	-0.000259	0.043010	0.232916	0.224565	0.530117
2021-07-29 06:16:51.000000 	64.000000	58.214554	-154.150293	190.200055	-0.019012	-0.010340	0.006790	0.324979	0.261316	0.479411	-0.178379	-0.014799	0.001016	0.017159	0.238299	0.229753	0.542365
2021-07-29 06:16:52.000000 	65.000000	58.214554	-154.150293	190.200055	-0.047502	-0.022424	0.038835	0.261392	0.210194	0.385614	-0.119516	-0.024193	-0.000531	0.060678	0.191676	0.184801	0.436250
2021-07-29 06:16:53.000000 	66.000000	58.214554	-154.150293	190.200055	-0.037067	-0.010461	0.023882	0.387342	0.311485	0.571428	-0.202616	-0.019652	-0.006747	0.040274	0.284039	0.273850	0.646464
2021-07-29 06:16:54.000000 	67.000000	58.214554	-154.150293	190.200055	-0.021347	-0.013642	0.000772	0.290767	0.233832	0.428962	-0.159920	-0.020979	0.002969	0.013909	0.213224	0.205575	0.485290
2021-07-29 06:16:55.000000 	68.000000	58.214554	-154.150293	190.200055	-0.027278	-0.018163	0.003891	0.337508	0.271430	0.497926	-0.183510	-0.025549	0.004452	0.020410	0.247505	0.238625	0.563308
2021-07-29 06:16:56.000000 	69.000000	58.214554	-154.150293	190.200055	-0.038291	-0.015455	0.045794	0.310692	0.249873	0.458372	-0.148851	-0.010898	-0.002786	0.060626	0.227844	0.219668	0.518559
2021-07-29 06:16:57.000000 	70.000000	58.214554	-154.150293	190.200055	-0.039948	-0.007236	0.030651	0.330295	0.265648	0.487301	-0.166492	-0.017096	-0.010905	0.046653	0.242225	0.233531	0.551286
2021-07-29 06:16:58.000000 	71.000000	58.214554	-154.150293	190.200055	-0.030460	-0.007077	0.023596	0.287161	0.230965	0.423670	-0.147129	-0.013495	-0.006912	0.036122	0.210596	0.203037	0.479299
2021-07-29 06:16:59.000000 	72.000000	58.214554	-154.150293	190.200055	-0.035879	-0.015973	0.012596	0.319090	0.256654	0.470785	-0.167305	-0.026731	-0.001269	0.031383	0.234016	0.225616	0.532599
2021-07-29 06:17:00.000000 	73.000000	58.214554	-154.150293	190.200055	-0.021021	-0.019833	0.002249	0.318330	0.256052	0.469671	-0.174652	-0.022246	0.008683	0.016432	0.233464	0.225082	0.531339
2021-07-29 06:17:01.000000 	74.000000	58.214554	-154.150293	190.200055	-0.032912	-0.012617	0.008150	0.315008	0.253389	0.464777	-0.167880	-0.025560	-0.002996	0.025427	0.231032	0.222736	0.525801
2021-07-29 06:17:02.000000 	75.000000	58.214554	-154.150293	190.200055	-0.043075	-0.011892	0.046773	0.269497	0.216789	0.397635	-0.123568	-0.012722	-0.008079	0.062908	0.197657	0.190559	0.449843
2021-07-29 06:17:03.000000 	76.000000	58.214554	-154.150293	190.200055	-0.028228	-0.012063	0.016603	0.349385	0.281063	0.515516	-0.185936	-0.017319	-0.001452	0.030264	0.256255	0.247051	0.583200
2021-07-29 06:17:04.000000 	77.000000	58.214554	-154.150293	190.200055	-0.040691	-0.016536	0.027467	0.334558	0.269145	0.493647	-0.169088	-0.022788	-0.002861	0.046434	0.245385	0.236570	0.558458
2021-07-29 06:17:05.000000 	78.000000	58.214554	-154.150293	190.200055	-0.026563	-0.010256	0.012009	0.318799	0.256476	0.470401	-0.170724	-0.017796	-0.002352	0.025155	0.233831	0.225430	0.532160
2021-07-29 06:17:06.000000 	79.000000	58.214554	-154.150293	190.200055	-0.020528	-0.009821	0.004885	0.352905	0.283925	0.520735	-0.194895	-0.016770	-0.000112	0.016139	0.258852	0.249551	0.589102
2021-07-29 06:17:07.000000 	80.000000	58.214554	-154.150293	190.200055	-0.041444	-0.006776	0.017474	0.289210	0.232688	0.426755	-0.147395	-0.025011	-0.011972	0.036056	0.212136	0.204513	0.482782
2021-07-29 06:17:08.000000 	81.000000	58.214554	-154.150293	190.200055	-0.042741	-0.021385	0.032525	0.266450	0.214384	0.393177	-0.126530	-0.023490	0.000610	0.052819	0.195445	0.188421	0.444795
2021-07-29 06:17:09.000000 	82.000000	58.214554	-154.150293	190.200055	-0.034137	-0.009926	0.032179	0.349719	0.281392	0.516059	-0.178592	-0.012843	-0.005951	0.045815	0.256530	0.247309	0.583809
2021-07-29 06:17:10.000000 	83.000000	58.214554	-154.150293	190.200055	-0.027171	-0.018702	0.020156	0.334756	0.269362	0.493987	-0.175711	-0.017099	0.004984	0.034308	0.245559	0.236731	0.558838
2021-07-29 06:17:11.000000 	84.000000	58.214554	-154.150293	190.200055	-0.034985	-0.005067	0.024056	0.284777	0.229155	0.420241	-0.144452	-0.015969	-0.010694	0.038196	0.208902	0.201391	0.475410
2021-07-29 06:17:12.000000 	85.000000	58.214554	-154.150293	190.200055	-0.032965	-0.011817	0.015010	0.377156	0.303502	0.556572	-0.201281	-0.021691	-0.003738	0.031099	0.276673	0.266724	0.629637
2021-07-29 06:17:13.000000 	86.000000	58.214554	-154.150293	190.200055	-0.035294	-0.018177	-0.012003	0.263881	0.212355	0.389417	-0.144211	-0.040058	0.000969	0.010702	0.193580	0.186619	0.440538
2021-07-29 06:17:14.000000 	87.000000	58.214554	-154.150293	190.200055	-0.032401	-0.016391	0.033901	0.265728	0.213850	0.392150	-0.129223	-0.013004	0.000624	0.047941	0.194940	0.187928	0.443628
2021-07-29 06:17:15.000000 	88.000000	58.214554	-154.150293	190.200055	-0.049603	-0.016186	0.060132	0.420451	0.338379	0.620494	-0.203349	-0.012270	-0.007062	0.078345	0.308452	0.297356	0.701946
2021-07-29 06:17:16.000000 	89.000000	58.214554	-154.150293	190.200055	-0.019577	-0.001160	0.006421	0.303937	0.244617	0.448551	-0.167201	-0.012024	-0.007492	0.015004	0.222979	0.214956	0.507432
2021-07-29 06:17:17.000000 	90.000000	58.214554	-154.150293	190.200055	-0.029762	-0.020102	0.034939	0.311849	0.250994	0.460235	-0.155812	-0.011813	0.005114	0.048424	0.228788	0.220556	0.520648
2021-07-29 06:17:18.000000 	91.000000	58.214554	-154.150293	190.200055	-0.043752	-0.017715	0.012136	0.279149	0.224684	0.411982	-0.141730	-0.033642	-0.003134	0.035125	0.204802	0.197432	0.466061
2021-07-29 06:17:19.000000 	92.000000	58.214554	-154.150293	190.200055	-0.027590	-0.011525	-0.001121	0.362286	0.291610	0.534689	-0.200441	-0.025968	-0.001658	0.014773	0.265803	0.256236	0.604874
2021-07-29 06:17:20.000000 	93.000000	58.214554	-154.150293	190.200055	-0.037717	-0.013121	0.039833	0.270270	0.217553	0.398891	-0.128310	-0.012734	-0.004637	0.054752	0.198296	0.191158	0.451250
2021-07-29 06:17:21.000000 	94.000000	58.214554	-154.150293	190.200055	-0.044190	-0.012907	0.044635	0.359110	0.289074	0.530017	-0.175957	-0.015076	-0.007652	0.061853	0.263483	0.253997	0.599587
2021-07-29 06:17:22.000000 	95.000000	58.214554	-154.150293	190.200055	-0.029673	-0.007499	0.011848	0.304563	0.245174	0.449517	-0.161986	-0.019238	-0.006189	0.025859	0.223466	0.215419	0.508520
2021-07-29 06:17:23.000000 	96.000000	58.214554	-154.150293	190.200055	-0.019057	-0.014433	-0.002461	0.312074	0.251230	0.460611	-0.174089	-0.021224	0.004680	0.010256	0.228982	0.220736	0.521068
2021-07-29 06:17:24.000000 	97.000000	58.214554	-154.150293	190.200055	-0.047625	-0.026536	0.032968	0.325518	0.262063	0.480461	-0.158587	-0.028901	0.003115	0.056694	0.238851	0.230248	0.543523
2021-07-29 06:17:25.000000 	98.000000	58.214554	-154.150293	190.200055	-0.020507	-0.012757	0.014454	0.346449	0.278924	0.511363	-0.187230	-0.012801	0.002539	0.024937	0.254215	0.245058	0.578481
2021-07-29 06:17:26.000000 	99.000000	58.214554	-154.150293	190.200055	-0.042386	-0.011218	0.048744	0.290249	0.233686	0.428418	-0.135142	-0.010906	-0.008385	0.064103	0.212981	0.205308	0.484647
2021-07-29 06:17:27.000000 	100.000000	58.214554	-154.150293	190.200055	-0.027205	-0.011435	0.013169	0.339420	0.273284	0.501003	-0.181947	-0.018112	-0.001571	0.026717	0.249067	0.240093	0.566759
2021-07-29 06:17:28.000000 	101.000000	58.214554	-154.150293	190.200055	-0.034136	-0.014800	0.043335	0.308859	0.248688	0.455901	-0.150118	-0.008772	-0.001565	0.056416	0.226646	0.218479	0.515736
2021-07-29 06:17:29.000000 	102.000000	58.214554	-154.150293	190.200055	-0.034998	-0.006430	0.016365	0.270826	0.218072	0.399768	-0.139263	-0.020535	-0.009473	0.031977	0.198741	0.191579	0.452235
2021-07-29 06:17:30.000000 	103.000000	58.214554	-154.150293	190.200055	-0.019686	-0.010572	-0.004565	0.339367	0.273272	0.500949	-0.190919	-0.021382	0.000931	0.007880	0.249044	0.240067	0.566694
2021-07-29 06:17:31.000000 	104.000000	58.214554	-154.150293	190.200055	-0.048739	-0.024707	0.047432	0.329491	0.265329	0.486378	-0.155172	-0.021457	0.000984	0.069097	0.241801	0.233085	0.550210
2021-07-29 06:17:32.000000 	105.000000	58.214554	-154.150293	190.200055	-0.022454	-0.010403	0.002681	0.316355	0.254761	0.466995	-0.174125	-0.019621	-0.000428	0.015312	0.232167	0.223796	0.528283
2021-07-29 06:17:33.000000 	106.000000	58.214554	-154.150293	190.200055	-0.037524	-0.017464	0.029688	0.278792	0.224519	0.411551	-0.136877	-0.019539	-0.000644	0.047034	0.204604	0.197226	0.465561
2021-07-29 06:17:34.000000 	107.000000	58.214554	-154.150293	190.200055	-0.023444	-0.008650	0.019147	0.343095	0.276315	0.506483	-0.183107	-0.011054	-0.002437	0.029375	0.251801	0.242720	0.572951
2021-07-29 06:17:35.000000 	108.000000	58.214554	-154.150293	190.200055	-0.048031	-0.014014	0.035291	0.314276	0.253115	0.463947	-0.152454	-0.023347	-0.008330	0.055985	0.230655	0.222336	0.524832
2021-07-29 06:17:36.000000 	109.000000	58.214554	-154.150293	190.200055	-0.013492	-0.007085	0.003287	0.300489	0.242020	0.443601	-0.167606	-0.011215	0.000494	0.010817	0.220542	0.212586	0.501815
2021-07-29 06:17:37.000000 	110.000000	58.214554	-154.150293	190.200055	-0.035417	-0.013104	0.020572	0.320956	0.258514	0.473823	-0.165908	-0.021114	-0.003649	0.037285	0.235568	0.227069	0.536002
2021-07-29 06:17:38.000000 	111.000000	58.214554	-154.150293	190.200055	-0.046918	-0.011373	0.020936	0.310525	0.250121	0.458431	-0.156384	-0.029078	-0.010222	0.042649	0.227917	0.219693	0.518588
2021-07-29 06:17:39.000000 	112.000000	58.214554	-154.150293	190.200055	-0.040185	-0.017578	0.025399	0.340565	0.274328	0.502788	-0.173519	-0.023877	-0.001702	0.044676	0.249971	0.240950	0.568765
2021-07-29 06:17:40.000000 	113.000000	58.214554	-154.150293	190.200055	-0.031414	-0.009899	0.018649	0.297784	0.239876	0.439635	-0.154762	-0.017877	-0.004788	0.033017	0.218575	0.210686	0.497324
2021-07-29 06:17:41.000000 	114.000000	58.214554	-154.150293	190.200055	-0.036749	-0.017779	0.021598	0.290517	0.234031	0.428912	-0.147009	-0.023325	-0.000023	0.039862	0.213245	0.205547	0.485194
2021-07-29 06:17:42.000000 	115.000000	58.214554	-154.150293	190.200055	-0.027397	-0.017540	0.003791	0.374825	0.301958	0.553391	-0.205312	-0.025462	0.003840	0.020238	0.275135	0.265202	0.626006
2021-07-29 06:17:43.000000 	116.000000	58.214554	-154.150293	190.200055	-0.032886	-0.030104	-0.008583	0.319121	0.257092	0.471157	-0.174402	-0.040835	0.012753	0.015207	0.234251	0.225793	0.532979
2021-07-29 06:17:44.000000 	117.000000	58.214554	-154.150293	190.200055	-0.035589	-0.018992	0.027744	0.290469	0.234019	0.428862	-0.144829	-0.019650	0.001575	0.044815	0.213224	0.205524	0.485134
2021-07-29 06:17:45.000000 	118.000000	58.214554	-154.150293	190.200055	-0.041257	-0.017400	0.017981	0.337175	0.271657	0.497827	-0.174109	-0.028538	-0.002329	0.038838	0.247515	0.238575	0.563148
2021-07-29 06:17:46.000000 	119.000000	58.214554	-154.150293	190.200055	-0.037476	-0.020183	0.048905	0.275417	0.221908	0.406650	-0.127051	-0.010388	0.001823	0.063971	0.202183	0.194880	0.460006
2021-07-29 06:17:47.000000 	120.000000	58.214554	-154.150293	190.200055	-0.029394	-0.015211	0.012593	0.340349	0.274235	0.502528	-0.181746	-0.021490	0.000873	0.028132	0.249855	0.240829	0.568464
2021-07-29 06:17:48.000000 	121.000000	58.214554	-154.150293	190.200055	-0.033841	-0.041373	-0.011530	0.335713	0.270510	0.495691	-0.183154	-0.047295	0.022478	0.015743	0.246457	0.237552	0.560728
2021-07-29 06:17:49.000000 	122.000000	58.214554	-154.150293	190.200055	-0.020940	-0.016300	0.026146	0.266827	0.215011	0.393986	-0.136236	-0.008288	0.005539	0.035895	0.195891	0.188812	0.445677
2021-07-29 06:17:50.000000 	123.000000	58.214554	-154.150293	190.200055	-0.040099	-0.020463	0.006622	0.364596	0.293805	0.538355	-0.194287	-0.034770	0.000932	0.029336	0.267673	0.257999	0.608987
2021-07-29 06:17:51.000000 	124.000000	58.214554	-154.150293	190.200055	-0.026539	-0.022170	0.013962	0.305810	0.246442	0.451558	-0.161270	-0.021164	0.008381	0.029541	0.224519	0.216404	0.510802
2021-07-29 06:17:52.000000 	125.000000	58.214554	-154.150293	190.200055	-0.046118	-0.043801	0.041789	0.292924	0.236067	0.432539	-0.134400	-0.029500	0.019311	0.067443	0.215064	0.207289	0.489286
2021-07-29 06:17:53.000000 	126.000000	58.214554	-154.150293	190.200055	-0.021797	0.002743	0.007827	0.293881	0.236847	0.433958	-0.160663	-0.011534	-0.011973	0.016356	0.215771	0.207969	0.490890
2021-07-29 06:17:54.000000 	127.000000	58.214554	-154.150293	190.200055	-0.030247	-0.020763	0.041901	0.309745	0.249642	0.457390	-0.151724	-0.008762	0.005497	0.054724	0.227424	0.219200	0.517396
2021-07-29 06:17:55.000000 	128.000000	58.214554	-154.150293	190.200055	-0.023752	-0.005451	0.008973	0.355352	0.286409	0.524744	-0.194439	-0.015463	-0.005450	0.020138	0.260915	0.251479	0.593584
2021-07-29 06:17:56.000000 	129.000000	58.214554	-154.150293	190.200055	-0.045124	-0.008338	0.028420	0.306848	0.247325	0.453125	-0.152302	-0.022639	-0.012170	0.047463	0.225307	0.217157	0.512570
2021-07-29 06:17:57.000000 	130.000000	58.214554	-154.150293	190.200055	-0.009996	-0.005280	0.021706	0.304938	0.245795	0.450312	-0.164068	0.001830	0.000393	0.024401	0.223909	0.215809	0.509386
2021-07-29 06:17:58.000000 	131.000000	58.214554	-154.150293	190.200055	-0.032246	-0.016752	0.042347	0.348182	0.280662	0.514180	-0.173679	-0.008570	0.001016	0.055129	0.255668	0.246418	0.581631
2021-07-29 06:17:59.000000 	132.000000	58.214554	-154.150293	190.200055	-0.044385	-0.017679	0.048965	0.306796	0.247311	0.453068	-0.143542	-0.014714	-0.003442	0.066722	0.225283	0.217131	0.512502
2021-07-29 06:18:00.000000 	133.000000	58.214554	-154.150293	190.200055	-0.027599	0.002962	0.007745	0.317243	0.255742	0.468504	-0.172542	-0.015935	-0.014700	0.018986	0.232960	0.224529	0.529962
2021-07-29 06:18:01.000000 	134.000000	58.214554	-154.150293	190.200055	-0.017021	-0.006560	0.004563	0.351338	0.283238	0.518862	-0.195617	-0.013048	-0.001518	0.013454	0.258003	0.248664	0.586925
2021-07-29 06:18:02.000000 	135.000000	58.214554	-154.150293	190.200055	-0.032449	-0.011861	0.043163	0.279111	0.225019	0.412202	-0.133849	-0.006483	-0.003473	0.054795	0.204968	0.197548	0.466273
2021-07-29 06:18:03.000000 	136.000000	58.214554	-154.150293	190.200055	-0.040805	0.005867	0.046028	0.337456	0.272067	0.498376	-0.165494	-0.004795	-0.023071	0.057120	0.247820	0.238847	0.563749
2021-07-29 06:18:04.000000 	137.000000	58.214554	-154.150293	190.200055	-0.040059	-0.011368	0.027344	0.333256	0.268691	0.492181	-0.169303	-0.020454	-0.007236	0.044844	0.244741	0.235879	0.556740
2021-07-29 06:18:05.000000 	138.000000	58.214554	-154.150293	190.200055	-0.051713	-0.019214	0.054486	0.307249	0.247732	0.453777	-0.139288	-0.017980	-0.005256	0.075241	0.225647	0.217474	0.513298
2021-07-29 06:18:06.000000 	139.000000	58.214554	-154.150293	190.200055	-0.030662	-0.010572	0.013520	0.313600	0.252862	0.463165	-0.166118	-0.020252	-0.003855	0.028455	0.230317	0.221974	0.523916
2021-07-29 06:18:07.000000 	140.000000	58.214554	-154.150293	190.200055	-0.045788	-0.016374	0.013961	0.345526	0.278616	0.510325	-0.179265	-0.033741	-0.005229	0.037333	0.253770	0.244576	0.577261
2021-07-29 06:18:08.000000 	141.000000	58.214554	-154.150293	190.200055	-0.031125	-0.021799	0.000142	0.306710	0.247326	0.453002	-0.165747	-0.031814	0.006047	0.019882	0.225267	0.217105	0.512418
2021-07-29 06:18:09.000000 	142.000000	58.214554	-154.150293	190.200055	-0.038726	-0.007832	0.015396	0.287184	0.231589	0.424169	-0.147947	-0.024417	-0.009837	0.033243	0.210930	0.203287	0.479802
2021-07-29 06:18:10.000000 	143.000000	58.214554	-154.150293	190.200055	-0.042667	-0.003121	0.041115	0.348952	0.281410	0.515407	-0.172964	-0.012139	-0.015794	0.055891	0.256303	0.247014	0.583006
2021-07-29 06:18:11.000000 	144.000000	58.214554	-154.150293	190.200055	-0.042815	0.000001	0.023976	0.291346	0.234963	0.430328	-0.146476	-0.020123	-0.018668	0.040675	0.213997	0.206240	0.486768
2021-07-29 06:18:12.000000 	145.000000	58.214554	-154.150293	190.200055	-0.026679	-0.004694	0.020829	0.320788	0.258716	0.473821	-0.169175	-0.011177	-0.007408	0.031431	0.235628	0.227086	0.535964
2021-07-29 06:18:13.000000 	146.000000	58.214554	-154.150293	190.200055	-0.019136	-0.003480	-0.007755	0.290213	0.234066	0.428667	-0.164751	-0.020013	-0.005211	0.003278	0.213174	0.205445	0.484886
2021-07-29 06:18:14.000000 	147.000000	58.214554	-154.150293	190.200055	-0.024314	-0.004240	0.017207	0.347511	0.280290	0.513308	-0.186743	-0.011107	-0.006785	0.027126	0.255269	0.246012	0.580627
2021-07-29 06:18:15.000000 	148.000000	58.214554	-154.150293	190.200055	-0.027145	-0.020301	0.034328	0.259786	0.209542	0.383735	-0.126819	-0.010207	0.006434	0.046709	0.190833	0.183913	0.434060
2021-07-29 06:18:16.000000 	149.000000	58.214554	-154.150293	190.200055	-0.032421	-0.012074	0.050588	0.374918	0.302418	0.553807	-0.186296	-0.002629	-0.003270	0.061142	0.275413	0.265423	0.626434
2021-07-29 06:18:17.000000 	150.000000	58.214554	-154.150293	190.200055	-0.027125	-0.012758	0.022624	0.293976	0.237137	0.434250	-0.152082	-0.013561	-0.000346	0.035019	0.215958	0.208124	0.491198
2021-07-29 06:18:18.000000 	151.000000	58.214554	-154.150293	190.200055	-0.022457	0.011060	0.049371	0.398392	0.321377	0.588498	-0.204858	0.012926	-0.019745	0.050072	0.292671	0.282052	0.665672
2021-07-29 06:18:19.000000 	152.000000	58.214554	-154.150293	190.200055	-0.050636	-0.022030	0.025910	0.276947	0.223418	0.409107	-0.132793	-0.033252	-0.002253	0.051086	0.203458	0.196075	0.462755
2021-07-29 06:18:20.000000 	153.000000	58.214554	-154.150293	190.200055	-0.019134	-0.013036	-0.006634	0.278666	0.224813	0.411653	-0.156657	-0.022963	0.003389	0.006425	0.204726	0.197296	0.465635
2021-07-29 06:18:21.000000 	154.000000	58.214554	-154.150293	190.200055	-0.039474	-0.018189	0.018873	0.290998	0.234771	0.429875	-0.147581	-0.026997	-0.000842	0.038932	0.213791	0.206031	0.486245
2021-07-29 06:18:22.000000 	155.000000	58.214554	-154.150293	190.200055	-0.042900	-0.043675	0.045607	0.349726	0.282163	0.516640	-0.167055	-0.024982	0.020600	0.069134	0.256944	0.247616	0.584386
2021-07-29 06:18:23.000000 	156.000000	58.214554	-154.150293	190.200055	-0.038720	-0.014087	0.039109	0.336775	0.271724	0.497514	-0.166928	-0.014240	-0.004205	0.054834	0.247434	0.238451	0.562752
2021-07-29 06:18:24.000000 	157.000000	58.214554	-154.150293	190.200055	-0.028290	-0.007384	0.006479	0.286088	0.230836	0.422641	-0.153962	-0.020965	-0.005689	0.020614	0.210199	0.202566	0.478059
2021-07-29 06:18:25.000000 	158.000000	58.214554	-154.150293	190.200055	-0.027594	-0.015204	0.005748	0.340224	0.274528	0.502624	-0.184945	-0.023716	0.001652	0.021459	0.249980	0.240902	0.568529
2021-07-29 06:18:26.000000 	159.000000	58.214554	-154.150293	190.200055	-0.051856	-0.034103	0.034005	0.368793	0.297591	0.544837	-0.181339	-0.034396	0.008081	0.061319	0.270978	0.261135	0.616276
2021-07-29 06:18:27.000000 	160.000000	58.214554	-154.150293	190.200055	-0.036551	-0.016587	0.038033	0.263477	0.212617	0.389254	-0.125273	-0.014075	-0.001009	0.053465	0.193600	0.186567	0.440292
2021-07-29 06:18:28.000000 	161.000000	58.214554	-154.150293	190.200055	-0.027708	0.003178	-0.005610	0.328883	0.265406	0.485889	-0.184418	-0.022973	-0.014941	0.007637	0.241664	0.232884	0.549596
2021-07-29 06:18:29.000000 	162.000000	58.214554	-154.150293	190.200055	-0.058598	-0.024249	0.035515	0.269713	0.217665	0.398477	-0.122117	-0.035106	-0.003727	0.063535	0.198191	0.190989	0.450722
2021-07-29 06:18:30.000000 	163.000000	58.214554	-154.150293	190.200055	-0.026700	-0.008768	-0.004797	0.355370	0.286803	0.525035	-0.198643	-0.026201	-0.003750	0.010593	0.261139	0.251649	0.593873
2021-07-29 06:18:31.000000 	164.000000	58.214554	-154.150293	190.200055	-0.039664	-0.032198	0.041792	0.253136	0.204302	0.373996	-0.114946	-0.020262	0.011683	0.061721	0.186018	0.179257	0.423030
2021-07-29 06:18:32.000000 	165.000000	58.214554	-154.150293	190.200055	-0.024638	-0.012365	-0.009785	0.370623	0.299137	0.547587	-0.209559	-0.028584	0.000385	0.006202	0.272362	0.262460	0.619379
2021-07-29 06:18:33.000000 	166.000000	58.214554	-154.150293	190.200055	-0.023834	0.006346	0.026618	0.258995	0.209047	0.382664	-0.132891	-0.001860	-0.016103	0.032467	0.190333	0.183413	0.432832
2021-07-29 06:18:34.000000 	167.000000	58.214554	-154.150293	190.200055	-0.025096	-0.002498	0.045777	0.316868	0.255769	0.468178	-0.157577	0.003989	-0.008694	0.051382	0.232869	0.224401	0.529556
2021-07-29 06:18:35.000000 	168.000000	58.214554	-154.150293	190.200055	-0.034555	-0.021394	0.046079	0.301407	0.243299	0.445340	-0.144108	-0.010091	0.004187	0.060462	0.221512	0.213456	0.503723
2021-07-29 06:18:36.000000 	169.000000	58.214554	-154.150293	190.200055	-0.026504	-0.004485	0.043593	0.328079	0.264839	0.484756	-0.164427	0.001025	-0.007520	0.050649	0.241120	0.232350	0.548306
2021-07-29 06:18:37.000000 	170.000000	58.214554	-154.150293	190.200055	-0.025958	-0.006284	0.025002	0.366101	0.295543	0.540943	-0.193866	-0.009017	-0.005663	0.035001	0.269071	0.259282	0.611857
2021-07-29 06:18:38.000000 	171.000000	58.214554	-154.150293	190.200055	-0.030687	-0.014769	0.036698	0.285611	0.230574	0.422018	-0.140537	-0.009618	-0.000088	0.049132	0.209918	0.202281	0.477340
2021-07-29 06:18:39.000000 	172.000000	58.214554	-154.150293	190.200055	-0.053865	-0.012772	0.042426	0.344721	0.278305	0.509366	-0.165914	-0.023592	-0.011992	0.064531	0.253369	0.244149	0.576138
2021-07-29 06:18:40.000000 	173.000000	58.214554	-154.150293	190.200055	-0.040514	-0.006857	0.004763	0.305956	0.247018	0.452092	-0.162453	-0.031025	-0.011494	0.024829	0.224882	0.216698	0.511355
2021-07-29 06:18:41.000000 	174.000000	58.214554	-154.150293	190.200055	-0.054627	-0.026406	0.040217	0.325852	0.263092	0.481499	-0.154153	-0.030391	-0.000054	0.066145	0.239513	0.230795	0.544615
2021-07-29 06:18:42.000000 	175.000000	58.214554	-154.150293	190.200055	-0.035929	-0.013998	-0.008510	0.313771	0.253347	0.463653	-0.172571	-0.037155	-0.003068	0.013012	0.230638	0.222242	0.524429
2021-07-29 06:18:43.000000 	176.000000	58.214554	-154.150293	190.200055	-0.034962	-0.005083	0.008634	0.308805	0.249348	0.456322	-0.164572	-0.024081	-0.010669	0.025080	0.226994	0.218729	0.516136
2021-07-29 06:18:44.000000 	177.000000	58.214554	-154.150293	190.200055	-0.028330	-0.031120	-0.001447	0.302235	0.244052	0.446619	-0.163430	-0.033968	0.015654	0.019347	0.222170	0.214079	0.505160
2021-07-29 06:18:45.000000 	178.000000	58.214554	-154.150293	190.200055	-0.023763	-0.017904	0.014545	0.308021	0.248733	0.455175	-0.163817	-0.017152	0.005752	0.027740	0.226428	0.218182	0.514836
2021-07-29 06:18:46.000000 	179.000000	58.214554	-154.150293	190.200055	-0.028084	-0.003479	0.047564	0.300694	0.242827	0.444354	-0.146643	0.002281	-0.009114	0.054542	0.221048	0.212996	0.502596
2021-07-29 06:18:47.000000 	180.000000	58.214554	-154.150293	190.200055	-0.036469	-0.007204	0.058453	0.301277	0.243306	0.445221	-0.139878	0.000222	-0.009418	0.068629	0.221481	0.213413	0.503575
2021-07-29 06:18:48.000000 	181.000000	58.214554	-154.150293	190.200055	-0.040501	-0.020598	0.040774	0.404551	0.326721	0.597845	-0.204432	-0.017138	0.000878	0.058589	0.297410	0.286574	0.676202
2021-07-29 06:18:49.000000 	182.000000	58.214554	-154.150293	190.200055	-0.016225	-0.003889	-0.002861	0.272902	0.220408	0.403300	-0.153824	-0.015360	-0.003574	0.006152	0.200632	0.193321	0.456158
2021-07-29 06:18:50.000000 	183.000000	58.214554	-154.150293	190.200055	-0.037093	-0.009391	0.011972	0.301050	0.243151	0.444903	-0.157781	-0.025550	-0.007721	0.029916	0.221331	0.213264	0.503213
2021-07-29 06:18:51.000000 	184.000000	58.214554	-154.150293	190.200055	-0.038902	-0.007804	0.031236	0.277479	0.224122	0.410075	-0.136316	-0.016198	-0.009939	0.046784	0.204007	0.196570	0.463819
2021-07-29 06:18:52.000000 	185.000000	58.214554	-154.150293	190.200055	-0.047510	-0.011090	0.047613	0.404720	0.326908	0.598127	-0.200780	-0.015374	-0.010734	0.065541	0.297564	0.286716	0.676515
2021-07-29 06:18:53.000000 	186.000000	58.214554	-154.150293	190.200055	-0.021988	-0.002472	0.025058	0.257325	0.207860	0.380301	-0.132476	-0.004538	-0.007362	0.032291	0.189199	0.182301	0.430141
2021-07-29 06:18:54.000000 	187.000000	58.214554	-154.150293	190.200055	-0.041196	-0.030278	0.028469	0.331880	0.268094	0.490492	-0.165800	-0.027740	0.009286	0.050681	0.244022	0.235123	0.554772
2021-07-29 06:18:55.000000 	188.000000	58.214554	-154.150293	190.200055	-0.026448	-0.009926	0.000516	0.303734	0.245367	0.448901	-0.166821	-0.023639	-0.002599	0.015255	0.223333	0.215187	0.507729
2021-07-29 06:18:56.000000 	189.000000	58.214554	-154.150293	190.200055	-0.034981	-0.008975	0.034140	0.349773	0.282570	0.516951	-0.178119	-0.012103	-0.007175	0.047664	0.257191	0.247810	0.584695
2021-07-29 06:18:57.000000 	190.000000	58.214554	-154.150293	190.200055	-0.036828	-0.004351	0.035865	0.315558	0.254939	0.466388	-0.157504	-0.010894	-0.012142	0.048943	0.232038	0.223573	0.527506
2021-07-29 06:18:58.000000 	191.000000	58.214554	-154.150293	190.200055	-0.043449	-0.010050	0.043259	0.296483	0.239537	0.438201	-0.141061	-0.014176	-0.009899	0.059675	0.218017	0.210062	0.495623
2021-07-29 06:18:59.000000 	192.000000	58.214554	-154.150293	190.200055	-0.035866	-0.020909	0.027032	0.315380	0.254815	0.466137	-0.159506	-0.020947	0.003179	0.044782	0.231919	0.223456	0.527219
2021-07-29 06:19:00.000000 	193.000000	58.214554	-154.150293	190.200055	-0.030738	-0.001499	0.016404	0.330141	0.266751	0.487960	-0.175607	-0.015429	-0.012053	0.028859	0.242780	0.233919	0.551900
2021-07-29 06:19:01.000000 	194.000000	58.214554	-154.150293	190.200055	-0.024622	-0.011141	0.006643	0.326152	0.263539	0.482071	-0.177907	-0.019465	-0.000709	0.019877	0.239853	0.231097	0.545239
2021-07-29 06:19:02.000000 	195.000000	58.214554	-154.150293	190.200055	-0.034275	-0.019056	0.022888	0.272739	0.220388	0.403130	-0.137070	-0.021226	0.002205	0.040079	0.200578	0.193255	0.455952
2021-07-29 06:19:03.000000 	196.000000	58.214554	-154.150293	190.200055	-0.030467	-0.019322	0.013386	0.368560	0.297828	0.544767	-0.197309	-0.023417	0.004105	0.030258	0.271053	0.261156	0.616147
2021-07-29 06:19:04.000000 	197.000000	58.214554	-154.150293	190.200055	-0.047386	-0.016465	0.041927	0.277180	0.223994	0.409704	-0.128584	-0.020267	-0.005843	0.061883	0.203854	0.196410	0.463386
2021-07-29 06:19:05.000000 	198.000000	58.214554	-154.150293	190.200055	-0.032426	-0.019640	0.014885	0.330099	0.266769	0.487931	-0.173873	-0.024243	0.003537	0.032535	0.242780	0.233912	0.551861
2021-07-29 06:19:06.000000 	199.000000	58.214554	-154.150293	190.200055	-0.046397	-0.006948	0.042181	0.276986	0.223855	0.409428	-0.129558	-0.015850	-0.013977	0.059444	0.203722	0.196280	0.463072
2021-07-29 06:19:07.000000 	200.000000	58.214554	-154.150293	190.200055	-0.024693	-0.006021	0.007289	0.352259	0.284700	0.520700	-0.193280	-0.017281	-0.005348	0.019284	0.259091	0.249626	0.588921
2021-07-29 06:19:08.000000 	201.000000	58.214554	-154.150293	190.200055	-0.038739	-0.015344	0.034940	0.318311	0.257273	0.470524	-0.157930	-0.016917	-0.003082	0.051587	0.234128	0.225573	0.532170
2021-07-29 06:19:09.000000 	202.000000	58.214554	-154.150293	190.200055	-0.015161	-0.008908	0.008212	0.297868	0.240760	0.440313	-0.163865	-0.010573	0.001407	0.016213	0.219098	0.211091	0.497999
2021-07-29 06:19:10.000000 	203.000000	58.214554	-154.150293	190.200055	-0.049596	-0.002852	0.042216	0.353363	0.285626	0.522351	-0.173298	-0.016760	-0.019058	0.060050	0.259923	0.250423	0.590785
2021-07-29 06:19:11.000000 	204.000000	58.214554	-154.150293	190.200055	-0.038267	-0.013123	0.024720	0.268313	0.216888	0.396633	-0.133276	-0.021116	-0.004875	0.042166	0.197368	0.190153	0.448595
2021-07-29 06:19:12.000000 	205.000000	58.214554	-154.150293	190.200055	-0.031917	-0.023833	0.032190	0.287139	0.232115	0.424469	-0.141955	-0.016293	0.007532	0.047965	0.211222	0.203500	0.480077
2021-07-29 06:19:13.000000 	206.000000	58.214554	-154.150293	190.200055	-0.024840	-0.008569	0.016005	0.328325	0.265419	0.485359	-0.175811	-0.013747	-0.003119	0.027348	0.241525	0.232693	0.548942
2021-07-29 06:19:14.000000 	207.000000	58.214554	-154.150293	190.200055	-0.043923	-0.015114	0.042916	0.386862	0.312752	0.571900	-0.193065	-0.016596	-0.005549	0.060772	0.284594	0.274185	0.646819
2021-07-29 06:19:15.000000 	208.000000	58.214554	-154.150293	190.200055	-0.041881	-0.010445	0.034378	0.245113	0.198166	0.362357	-0.115207	-0.017801	-0.008861	0.051474	0.180321	0.173726	0.409825
2021-07-29 06:19:16.000000 	209.000000	58.214554	-154.150293	190.200055	-0.025997	-0.017371	0.012706	0.385883	0.311986	0.570468	-0.209138	-0.019632	0.004298	0.027113	0.283888	0.273503	0.645196
2021-07-29 06:19:17.000000 	210.000000	58.214554	-154.150293	190.200055	-0.036622	-0.007250	0.028199	0.236918	0.191555	0.350250	-0.114779	-0.015849	-0.009443	0.042996	0.174301	0.167924	0.396130
2021-07-29 06:19:18.000000 	211.000000	58.214554	-154.150293	190.200055	-0.037462	-0.015858	0.032859	0.343750	0.277943	0.508194	-0.173850	-0.017227	-0.002063	0.049332	0.252905	0.243651	0.574762
2021-07-29 06:19:19.000000 	212.000000	58.214554	-154.150293	190.200055	-0.029331	-0.012120	0.026164	0.308858	0.249741	0.456616	-0.158981	-0.013148	-0.001881	0.038928	0.227240	0.218924	0.516427
2021-07-29 06:19:20.000000 	213.000000	58.214554	-154.150293	190.200055	-0.036434	-0.006380	0.005156	0.294356	0.238024	0.435181	-0.157054	-0.027519	-0.010144	0.023119	0.216576	0.208648	0.492183
2021-07-29 06:19:21.000000 	214.000000	58.214554	-154.150293	190.200055	-0.024306	-0.019670	0.017436	0.369802	0.299044	0.546730	-0.198238	-0.016699	0.007104	0.030861	0.272094	0.262133	0.618341
2021-07-29 06:19:22.000000 	215.000000	58.214554	-154.150293	190.200055	-0.039661	-0.022565	0.036716	0.278726	0.225403	0.412085	-0.133252	-0.019363	0.003015	0.055193	0.205087	0.197578	0.466059
2021-07-29 06:19:23.000000 	216.000000	58.214554	-154.150293	190.200055	-0.040626	-0.017183	0.032836	0.335774	0.271548	0.496434	-0.168201	-0.020151	-0.002250	0.051116	0.247070	0.238022	0.561455
2021-07-29 06:19:24.000000 	217.000000	58.214554	-154.150293	190.200055	-0.034264	-0.000602	0.031724	0.232089	0.187703	0.343143	-0.111867	-0.009723	-0.014398	0.043347	0.170781	0.164526	0.388085
2021-07-29 06:19:25.000000 	218.000000	58.214554	-154.150293	190.200055	-0.034937	-0.010563	0.036180	0.392599	0.317528	0.580462	-0.202101	-0.011583	-0.005727	0.049742	0.288898	0.278315	0.656486
2021-07-29 06:19:26.000000 	219.000000	58.214554	-154.150293	190.200055	-0.024679	-0.005546	0.014144	0.334507	0.270555	0.494579	-0.180503	-0.013484	-0.005769	0.024995	0.246156	0.237138	0.559352
2021-07-29 06:19:27.000000 	220.000000	58.214554	-154.150293	190.200055	-0.030128	-0.011560	0.017793	0.258004	0.208687	0.381472	-0.132628	-0.017959	-0.002732	0.032061	0.189865	0.182908	0.431431
2021-07-29 06:19:28.000000 	221.000000	58.214554	-154.150293	190.200055	-0.044778	-0.008644	0.033588	0.369988	0.299277	0.547053	-0.187378	-0.019766	-0.011745	0.051762	0.272281	0.262303	0.618696
2021-07-29 06:19:29.000000 	222.000000	58.214554	-154.150293	190.200055	-0.046516	-0.008928	0.059285	0.259060	0.209558	0.383043	-0.112108	-0.007664	-0.012246	0.074495	0.190652	0.183665	0.433206
2021-07-29 06:19:30.000000 	223.000000	58.214554	-154.150293	190.200055	-0.030647	-0.002980	-0.000270	0.350174	0.283272	0.517770	-0.193593	-0.024690	-0.010681	0.014983	0.257714	0.248266	0.585575
2021-07-29 06:19:31.000000 	224.000000	58.214554	-154.150293	190.200055	-0.043870	-0.022159	0.051698	0.258632	0.209228	0.382420	-0.114455	-0.014541	0.000814	0.069830	0.190348	0.183369	0.432499
2021-07-29 06:19:32.000000 	225.000000	58.214554	-154.150293	190.200055	-0.023715	0.001781	-0.001145	0.341527	0.276299	0.504997	-0.191393	-0.018084	-0.011943	0.009859	0.251363	0.242146	0.571127
2021-07-29 06:19:33.000000 	226.000000	58.214554	-154.150293	190.200055	-0.039207	-0.027212	0.016486	0.331366	0.268090	0.489978	-0.171207	-0.031394	0.007394	0.038849	0.243891	0.234947	0.554140
2021-07-29 06:19:34.000000 	227.000000	58.214554	-154.150293	190.200055	-0.033177	-0.027732	0.037123	0.318925	0.258035	0.471588	-0.157706	-0.016104	0.010492	0.053652	0.234741	0.226131	0.533341
2021-07-29 06:19:35.000000 	228.000000	58.214554	-154.150293	190.200055	-0.046618	-0.015013	0.029923	0.311575	0.252097	0.460724	-0.153751	-0.025464	-0.006815	0.050982	0.229337	0.220924	0.521053
2021-07-29 06:19:36.000000 	229.000000	58.214554	-154.150293	190.200055	-0.035270	-0.000857	0.038993	0.306882	0.248310	0.453791	-0.152118	-0.006759	-0.014607	0.050061	0.225889	0.217601	0.513211
2021-07-29 06:19:37.000000 	230.000000	58.214554	-154.150293	190.200055	-0.033513	-0.017547	0.020899	0.360205	0.291468	0.532647	-0.189078	-0.021132	0.001179	0.037682	0.265146	0.255416	0.602390
2021-07-29 06:19:38.000000 	231.000000	58.214554	-154.150293	190.200055	-0.035146	-0.006921	0.034147	0.272080	0.220168	0.402339	-0.133409	-0.011464	-0.009096	0.047276	0.200283	0.192932	0.455019
2021-07-29 06:19:39.000000 	232.000000	58.214554	-154.150293	190.200055	-0.024543	-0.017472	0.011040	0.328877	0.266139	0.486333	-0.177292	-0.019435	0.005023	0.025031	0.242098	0.233212	0.550010
2021-07-29 06:19:40.000000 	233.000000	58.214554	-154.150293	190.200055	-0.039820	-0.013410	0.035903	0.253053	0.204788	0.374211	-0.119664	-0.016520	-0.005294	0.052474	0.186286	0.179448	0.423206
2021-07-29 06:19:41.000000 	234.000000	58.214554	-154.150293	190.200055	-0.031047	-0.017571	0.035646	0.309519	0.250494	0.457718	-0.154655	-0.011486	0.002276	0.049053	0.227861	0.219494	0.517645
2021-07-29 06:19:42.000000 	235.000000	58.214554	-154.150293	190.200055	-0.046283	-0.014998	0.030789	0.352612	0.285380	0.521450	-0.177397	-0.024746	-0.006682	0.051556	0.259592	0.250059	0.589720
2021-07-29 06:19:43.000000 	236.000000	58.214554	-154.150293	190.200055	-0.024728	-0.010610	0.028593	0.285939	0.231429	0.422858	-0.146291	-0.007788	-0.001233	0.038463	0.210513	0.202781	0.478219
2021-07-29 06:19:44.000000 	237.000000	58.214554	-154.150293	190.200055	-0.035957	-0.002446	0.019661	0.313258	0.253551	0.463265	-0.163127	-0.018056	-0.013477	0.034319	0.230633	0.222161	0.523914
2021-07-29 06:19:45.000000 	238.000000	58.214554	-154.150293	190.200055	-0.038398	-0.020616	0.035492	0.374480	0.303115	0.553810	-0.189985	-0.018319	0.001811	0.053106	0.275714	0.265584	0.626311
2021-07-29 06:19:46.000000 	239.000000	58.214554	-154.150293	190.200055	-0.031025	-0.009839	0.020658	0.228321	0.184817	0.337663	-0.114269	-0.016498	-0.004673	0.034527	0.168108	0.161931	0.381867
2021-07-29 06:19:47.000000 	240.000000	58.214554	-154.150293	190.200055	-0.041819	-0.012071	0.043604	0.408775	0.330902	0.604543	-0.206565	-0.013496	-0.007370	0.059661	0.300981	0.289920	0.683683
2021-07-29 06:19:48.000000 	241.000000	58.214554	-154.150293	190.200055	-0.035802	-0.004994	0.036736	0.224449	0.181698	0.331944	-0.104699	-0.009888	-0.011115	0.049345	0.165266	0.159192	0.375398
2021-07-29 06:19:49.000000 	242.000000	58.214554	-154.150293	190.200055	-0.041959	-0.014018	0.018039	0.328393	0.265854	0.485676	-0.169650	-0.027791	-0.005679	0.038443	0.241808	0.232919	0.549252
2021-07-29 06:19:50.000000 	243.000000	58.214554	-154.150293	190.200055	-0.026904	-0.005575	0.013362	0.315453	0.255388	0.466544	-0.169247	-0.015609	-0.006713	0.025392	0.232287	0.223747	0.527615
2021-07-29 06:19:51.000000 	244.000000	58.214554	-154.150293	190.200055	-0.033026	-0.014108	0.008952	0.380967	0.308440	0.563443	-0.206260	-0.025778	-0.001704	0.026505	0.280536	0.270221	0.637197
2021-07-29 06:19:52.000000 	245.000000	58.214554	-154.150293	190.200055	-0.044507	-0.009396	0.046176	0.235998	0.191077	0.349041	-0.104629	-0.013206	-0.010950	0.062506	0.173789	0.167397	0.394728
2021-07-29 06:19:53.000000 	246.000000	58.214554	-154.150293	190.200055	-0.045713	-0.010862	0.042653	0.350584	0.283864	0.518520	-0.172210	-0.016528	-0.010156	0.060420	0.258177	0.248681	0.586390
2021-07-29 06:19:54.000000 	247.000000	58.214554	-154.150293	190.200055	-0.026938	-0.018810	0.026489	0.284085	0.230030	0.420172	-0.144592	-0.013625	0.005182	0.039606	0.209212	0.201516	0.475168
2021-07-29 06:19:55.000000 	248.000000	58.214554	-154.150293	190.200055	-0.020578	-0.014042	0.000773	0.303121	0.245454	0.448332	-0.167867	-0.020539	0.003665	0.013637	0.223237	0.215024	0.507013
2021-07-29 06:19:56.000000 	249.000000	58.214554	-154.150293	190.200055	-0.042058	-0.017289	0.031746	0.357280	0.289321	0.528443	-0.180830	-0.021859	-0.002779	0.050893	0.263131	0.253448	0.597607
2021-07-29 06:19:57.000000 	250.000000	58.214554	-154.150293	190.200055	-0.039543	-0.014633	0.033105	0.276628	0.224019	0.409157	-0.134493	-0.018235	-0.004073	0.050246	0.203737	0.196239	0.462707
2021-07-29 06:19:58.000000 	251.000000	58.214554	-154.150293	190.200055	-0.025402	-0.006395	0.024423	0.317704	0.257294	0.469917	-0.166619	-0.008937	-0.005321	0.034271	0.233996	0.225383	0.531419
2021-07-29 06:19:59.000000 	252.000000	58.214554	-154.150293	190.200055	-0.038262	-0.027693	0.047634	0.345339	0.279685	0.510798	-0.167579	-0.014442	0.008240	0.064988	0.254357	0.244993	0.577649
2021-07-29 06:20:00.000000 	253.000000	58.214554	-154.150293	190.200055	-0.027668	-0.007100	0.013360	0.317504	0.257152	0.469632	-0.170115	-0.016760	-0.005674	0.026102	0.233862	0.225251	0.531094
2021-07-29 06:20:01.000000 	254.000000	58.214554	-154.150293	190.200055	-0.036691	-0.013909	0.024085	0.271869	0.220201	0.402137	-0.136173	-0.020536	-0.003480	0.041060	0.200255	0.192881	0.454764
2021-07-29 06:20:02.000000 	255.000000	58.214554	-154.150293	190.200055	-0.035911	-0.008170	0.039114	0.317224	0.256946	0.469229	-0.157395	-0.009896	-0.008305	0.052148	0.233669	0.225063	0.530635
2021-07-29 06:20:03.000000 	256.000000	58.214554	-154.150293	190.200055	-0.043280	-0.015527	0.028231	0.318037	0.257616	0.470437	-0.159254	-0.023992	-0.004897	0.048079	0.234275	0.225645	0.532000
2021-07-29 06:20:04.000000 	257.000000	58.214554	-154.150293	190.200055	-0.042958	-0.009422	0.024718	0.298415	0.241732	0.441419	-0.149896	-0.023334	-0.010251	0.043538	0.219827	0.211728	0.499183
2021-07-29 06:20:05.000000 	258.000000	58.214554	-154.150293	190.200055	-0.038942	-0.012882	0.033936	0.324659	0.263001	0.480243	-0.162451	-0.016689	-0.005386	0.050265	0.239166	0.230353	0.543086
2021-07-29 06:20:06.000000 	259.000000	58.214554	-154.150293	190.200055	-0.033452	-0.008732	0.034607	0.285801	0.231532	0.422770	-0.141634	-0.010597	-0.006727	0.047279	0.210547	0.202788	0.478091
2021-07-29 06:20:08.000000 	261.000000	58.214554	-154.150293	190.200055	-0.039161	-0.006128	0.026778	0.476976	0.386437	0.705579	0.296261	-0.018123	-0.011560	0.042733	0.351404	0.338449	0.797903
2021-07-29 06:20:09.000000 	262.000000	58.214554	-154.150293	190.200055	-0.028291	-0.013682	0.009717	0.300404	0.243391	0.444385	-0.160780	-0.021594	-0.000022	0.024813	0.221324	0.213163	0.502531
2021-07-29 06:20:10.000000 	263.000000	58.214554	-154.150293	190.200055	-0.032486	-0.018275	0.015287	0.323526	0.262137	0.478596	-0.170343	-0.023571	0.002282	0.032591	0.238366	0.229576	0.541216
2021-07-29 06:20:11.000000 	264.000000	58.214554	-154.150293	190.200055	-0.026736	-0.006633	0.026073	0.276534	0.224070	0.409085	-0.141778	-0.009177	-0.005688	0.036360	0.203750	0.196235	0.462609
2021-07-29 06:20:12.000000 	265.000000	58.214554	-154.150293	190.200055	-0.051757	-0.014110	0.073725	0.271458	0.219966	0.401580	-0.111545	-0.005989	-0.009868	0.090443	0.200015	0.192637	0.454121
2021-07-29 06:20:13.000000 	266.000000	58.214554	-154.150293	190.200055	-0.044148	-0.015691	0.043602	0.296373	0.240165	0.438442	-0.140432	-0.016621	-0.005128	0.061594	0.218379	0.210322	0.495805
2021-07-29 06:20:14.000000 	267.000000	58.214554	-154.150293	190.200055	-0.026263	-0.018091	0.000088	1.155029	0.936012	1.708724	-0.659192	-0.026749	0.004830	0.016679	0.851095	0.819691	1.932276
2021-07-29 06:20:15.000000 	268.000000	58.214554	-154.150293	190.200055	-0.039549	-0.023245	0.026699	0.330381	0.267745	0.488764	-0.167336	-0.024806	0.003675	0.046781	0.243452	0.234468	0.552708
2021-07-29 06:20:16.000000 	269.000000	58.214554	-154.150293	190.200055	-0.022531	-0.010786	0.024224	0.329109	0.266725	0.486887	-0.173751	-0.008473	-0.000117	0.033749	0.242521	0.233570	0.550584
2021-07-29 06:20:17.000000 	270.000000	58.214554	-154.150293	190.200055	-0.054027	-0.007540	0.042490	0.319437	0.258897	0.472585	-0.152032	-0.021742	-0.016771	0.063460	0.235401	0.226711	0.534409
2021-07-29 06:20:18.000000 	271.000000	58.214554	-154.150293	190.200055	-0.027456	-0.009279	0.031794	0.301839	0.244644	0.446553	-0.153753	-0.007695	-0.003621	0.042172	0.222439	0.214226	0.504971
2021-07-29 06:20:19.000000 	272.000000	58.214554	-154.150293	190.200055	-0.026278	-0.001352	0.021266	0.301701	0.244543	0.446355	-0.158887	-0.009401	-0.010241	0.030844	0.222344	0.214134	0.504745
2021-07-29 06:20:20.000000 	273.000000	58.214554	-154.150293	190.200055	-0.039670	-0.018885	0.009508	0.299110	0.242452	0.442526	-0.156131	-0.032338	-0.000302	0.031224	0.220440	0.212299	0.500413
2021-07-29 06:20:21.000000 	274.000000	58.214554	-154.150293	190.200055	-0.042845	-0.014880	0.065456	0.329183	0.266839	0.487024	-0.151171	-0.003812	-0.005290	0.079367	0.242611	0.233650	0.550731
2021-07-29 06:20:22.000000 	275.000000	58.214554	-154.150293	190.200055	-0.042049	-0.005568	0.023727	0.325115	0.263553	0.481012	-0.166509	-0.021732	-0.013323	0.041380	0.239620	0.230768	0.543931
2021-07-29 06:20:23.000000 	276.000000	58.214554	-154.150293	190.200055	-0.031768	-0.021130	0.018394	0.312627	0.253440	0.462540	-0.162769	-0.022444	0.005165	0.035547	0.230423	0.221909	0.523041
2021-07-29 06:20:24.000000 	277.000000	58.214554	-154.150293	190.200055	-0.038522	-0.008362	0.040189	0.278209	0.225547	0.411623	-0.133633	-0.011398	-0.009270	0.054342	0.205061	0.197483	0.465463
2021-07-29 06:20:25.000000 	278.000000	58.214554	-154.150293	190.200055	-0.038936	-0.013236	0.014737	0.324081	0.262747	0.479497	-0.169569	-0.026928	-0.005065	0.034023	0.238879	0.230050	0.542214
2021-07-29 06:20:26.000000 	279.000000	58.214554	-154.150293	190.200055	-0.034623	-0.009337	0.043665	0.357883	0.290164	0.529515	-0.179536	-0.006946	-0.006693	0.055673	0.263802	0.254051	0.598772
2021-07-29 06:20:27.000000 	280.000000	58.214554	-154.150293	190.200055	-0.026815	-0.019702	0.017464	0.292222	0.236937	0.432369	-0.152890	-0.018616	0.006039	0.032081	0.215409	0.207445	0.488919
2021-07-29 06:20:28.000000 	281.000000	58.214554	-154.150293	190.200055	-0.040075	-0.012208	0.029005	0.338550	0.274511	0.500921	-0.172287	-0.019903	-0.006487	0.046456	0.249566	0.240338	0.566436
2021-07-29 06:20:29.000000 	282.000000	58.214554	-154.150293	190.200055	-0.035181	-0.012847	0.023835	0.268950	0.218086	0.397945	-0.135252	-0.019119	-0.003778	0.039888	0.198266	0.190933	0.449990
2021-07-29 06:20:30.000000 	283.000000	58.214554	-154.150293	190.200055	-0.041462	-0.007260	0.049743	0.357339	0.289770	0.528733	-0.175054	-0.008207	-0.011544	0.063605	0.263432	0.253688	0.597881
2021-07-29 06:20:31.000000 	284.000000	58.214554	-154.150293	190.200055	-0.040053	-0.014189	0.034497	0.299518	0.242892	0.443184	-0.147296	-0.017727	-0.004694	0.051569	0.220813	0.212644	0.501142
2021-07-29 06:20:32.000000 	285.000000	58.214554	-154.150293	190.200055	-0.034458	-0.019687	0.019989	0.356361	0.289000	0.527297	-0.186979	-0.023127	0.002694	0.037847	0.262727	0.253006	0.596254
2021-07-29 06:20:33.000000 	286.000000	58.214554	-154.150293	190.200055	-0.043885	-0.009960	0.038114	0.211731	0.171716	0.313295	-0.093931	-0.017186	-0.010171	0.055488	0.156103	0.150326	0.354265
2021-07-29 06:20:34.000000 	287.000000	58.214554	-154.150293	190.200055	-0.033374	0.000962	0.003798	0.352114	0.285580	0.521025	-0.193030	-0.023173	-0.015418	0.018828	0.259611	0.250003	0.589158
2021-07-29 06:20:35.000000 	288.000000	58.214554	-154.150293	190.200055	-0.034037	-0.009841	0.038131	0.294177	0.238601	0.435300	-0.144950	-0.009600	-0.005984	0.050807	0.216901	0.208873	0.492222
2021-07-29 06:20:36.000000 	289.000000	58.214554	-154.150293	190.200055	-0.038343	-0.020019	0.061841	0.359571	0.291652	0.532070	-0.171134	-0.004176	0.001298	0.075340	0.265125	0.255310	0.601645
2021-07-29 06:20:37.000000 	290.000000	58.214554	-154.150293	190.200055	-0.044074	-0.016208	0.029212	0.336385	0.272857	0.497766	-0.169401	-0.024335	-0.004631	0.049446	0.248036	0.238852	0.562853
2021-07-29 06:20:38.000000 	291.000000	58.214554	-154.150293	190.200055	-0.030327	-0.011128	0.013210	0.258776	0.209914	0.382929	-0.135078	-0.020366	-0.003208	0.028161	0.190817	0.183750	0.432999
2021-07-29 06:20:39.000000 	292.000000	58.214554	-154.150293	190.200055	-0.024934	-0.014098	0.025626	0.327237	0.265459	0.484240	-0.171229	-0.010801	0.001816	0.036840	0.241306	0.232368	0.547556
2021-07-29 06:20:40.000000 	293.000000	58.214554	-154.150293	190.200055	-0.039817	-0.018045	0.021767	0.339058	0.275059	0.501737	-0.174905	-0.025681	-0.001121	0.041521	0.250030	0.240768	0.567339
2021-07-29 06:20:41.000000 	294.000000	58.214554	-154.150293	190.200055	-0.037778	-0.006826	0.039265	0.292705	0.237465	0.433149	-0.142857	-0.010746	-0.010328	0.052852	0.215855	0.207857	0.489782
2021-07-29 06:20:42.000000 	295.000000	58.214554	-154.150293	190.200055	-0.039906	-0.018693	0.050456	0.285088	0.231296	0.421882	-0.132191	-0.010878	-0.000577	0.066099	0.210244	0.202453	0.477041
2021-07-29 06:20:43.000000 	296.000000	58.214554	-154.150293	190.200055	-0.036124	-0.010815	0.031023	0.315003	0.255577	0.466157	-0.159199	-0.015301	-0.006018	0.045978	0.232313	0.223703	0.527102
2021-07-29 06:20:44.000000 	297.000000	58.214554	-154.150293	190.200055	-0.047068	-0.009866	0.030962	0.353630	0.286928	0.523323	-0.178503	-0.023353	-0.011643	0.050896	0.260807	0.251140	0.591741
2021-07-29 06:20:45.000000 	298.000000	58.214554	-154.150293	190.200055	-0.036050	-0.006721	0.020941	0.322190	0.261429	0.476801	-0.167705	-0.019038	-0.009670	0.036433	0.237627	0.228818	0.539135
2021-07-29 06:20:46.000000 	299.000000	58.214554	-154.150293	190.200055	-0.039919	-0.010908	0.027386	0.298949	0.242581	0.442412	-0.150163	-0.020154	-0.007588	0.044707	0.220492	0.212317	0.500249
2021-07-29 06:20:47.000000 	300.000000	58.214554	-154.150293	190.200055	-0.039116	-0.015104	0.046557	0.589591	0.478442	0.872540	0.370410	-0.010997	-0.003463	0.061586	0.434872	0.418745	0.986605
2021-07-29 06:20:48.000000 	301.000000	58.214554	-154.150293	190.200055	-0.028044	-0.016805	0.014950	0.286367	0.232391	0.423801	-0.150538	-0.019806	0.002896	0.029862	0.211225	0.203391	0.479201
2021-07-29 06:20:49.000000 	302.000000	58.214554	-154.150293	190.200055	-0.048532	-0.007606	0.046848	0.386721	0.313842	0.572323	-0.191315	-0.015268	-0.014316	0.064575	0.285256	0.274674	0.647138
2021-07-29 06:20:50.000000 	303.000000	58.214554	-154.150293	190.200055	-0.034119	-0.002157	0.031483	1.186698	0.963103	1.756259	-0.665327	-0.010316	-0.012935	0.043430	0.875367	0.842890	1.985833
2021-07-29 06:20:51.000000 	304.000000	58.214554	-154.150293	190.200055	-0.046458	-0.010484	0.048402	0.248627	0.201790	0.367960	-0.110639	-0.013929	-0.010821	0.065573	0.183405	0.176600	0.416058
2021-07-29 06:20:52.000000 	305.000000	58.214554	-154.150293	190.200055	-0.020226	-0.018003	-0.008604	0.323732	0.262757	0.479119	-0.183227	-0.026677	0.007383	0.006409	0.238816	0.229953	0.541745
2021-07-29 06:20:53.000000 	306.000000	58.214554	-154.150293	190.200055	-0.024011	-0.017573	0.016980	0.411164	0.333735	0.608523	-0.223208	-0.015936	0.005346	0.029851	0.303323	0.292064	0.688062
2021-07-29 06:20:54.000000 	307.000000	58.214554	-154.150293	190.200055	-0.050379	-0.021218	0.061288	0.248210	0.201476	0.367354	-0.102970	-0.014120	-0.002871	0.080851	0.183114	0.176316	0.415369
2021-07-29 06:20:55.000000 	308.000000	58.214554	-154.150293	190.200055	-0.027698	-0.006874	0.039044	0.330111	0.267968	0.488574	-0.167577	-0.003170	-0.005890	0.047897	0.243543	0.234501	0.552431
2021-07-29 06:20:56.000000 	309.000000	58.214554	-154.150293	190.200055	-0.033419	-0.005067	0.043087	0.295882	0.240193	0.437919	-0.144643	-0.004747	-0.010011	0.053631	0.218298	0.210191	0.495155
2021-07-29 06:20:57.000000 	310.000000	58.214554	-154.150293	190.200055	-0.046530	-0.016440	0.030467	0.303780	0.246614	0.449612	-0.149268	-0.025639	-0.005493	0.051731	0.224131	0.215807	0.508374
2021-07-29 06:20:58.000000 	311.000000	58.214554	-154.150293	190.200055	-0.029483	-0.012377	0.019169	0.348308	0.282775	0.515522	-0.184979	-0.017044	-0.001716	0.033112	0.256993	0.247446	0.582897
2021-07-29 06:20:59.000000 	312.000000	58.214554	-154.150293	190.200055	-0.035014	-0.019961	0.022127	0.294988	0.239497	0.436609	-0.150451	-0.022528	0.002697	0.039991	0.217658	0.209571	0.493669
2021-07-29 06:21:00.000000 	313.000000	58.214554	-154.150293	190.200055	-0.044512	0.001197	0.034205	0.605297	0.491453	0.895903	0.374429	-0.015590	-0.020484	0.049900	0.446635	0.430038	1.012985
2021-07-29 06:21:01.000000 	314.000000	58.214554	-154.150293	190.200055	-0.045692	-0.013918	0.037453	0.340541	0.276503	0.504041	-0.168498	-0.020384	-0.007397	0.056692	0.251285	0.241946	0.569910
2021-07-29 06:21:02.000000 	315.000000	58.214554	-154.150293	190.200055	-0.045099	-0.008522	0.040807	1.221067	0.991492	1.807344	-0.678292	-0.016163	-0.011995	0.058023	0.901053	0.867561	2.043525
2021-07-29 06:21:03.000000 	316.000000	58.214554	-154.150293	190.200055	-0.026310	-0.004140	0.020243	0.319711	0.259613	0.473221	-0.169693	-0.010998	-0.007746	0.030629	0.235930	0.227159	0.535059
2021-07-29 06:21:04.000000 	317.000000	58.214554	-154.150293	190.200055	-0.043520	-0.022324	0.031134	0.286375	0.232553	0.423883	-0.139179	-0.025166	0.001115	0.052221	0.211336	0.203478	0.479272
2021-07-29 06:21:05.000000 	318.000000	58.214554	-154.150293	190.200055	-0.037986	-0.007740	0.030919	0.346154	0.281109	0.512371	-0.177192	-0.015641	-0.009597	0.046066	0.255459	0.245959	0.579322
2021-07-29 06:21:06.000000 	319.000000	58.214554	-154.150293	190.200055	-0.019606	-0.019855	0.017095	0.292076	0.237202	0.432329	-0.155112	-0.013352	0.009320	0.028386	0.215556	0.207539	0.488819
2021-07-29 06:21:07.000000 	320.000000	58.214554	-154.150293	190.200055	-0.029781	-0.014024	0.040758	0.272645	0.221431	0.403572	-0.132323	-0.006511	-0.000364	0.051983	0.201222	0.193737	0.456303
2021-07-29 06:21:08.000000 	321.000000	58.214554	-154.150293	190.200055	-0.036693	-0.009174	0.035372	0.322329	0.261793	0.477120	-0.161861	-0.012837	-0.007743	0.049568	0.237899	0.229048	0.539459
2021-07-29 06:21:09.000000 	322.000000	58.214554	-154.150293	190.200055	-0.039367	-0.001040	0.046097	0.349103	0.283551	0.516756	-0.173059	-0.006219	-0.016228	0.058084	0.257668	0.248080	0.584273
2021-07-29 06:21:10.000000 	323.000000	58.214554	-154.150293	190.200055	-0.036034	-0.009741	0.036825	0.245367	0.199302	0.363206	-0.116667	-0.011778	-0.006945	0.050621	0.181108	0.174367	0.410660
2021-07-29 06:21:11.000000 	324.000000	58.214554	-154.150293	190.200055	-0.035624	-0.018650	0.030421	0.367142	0.298227	0.543468	-0.189207	-0.018140	0.001251	0.047029	0.270999	0.260911	0.614471
2021-07-29 06:21:12.000000 	325.000000	58.214554	-154.150293	190.200055	-0.050300	-0.017257	0.038572	0.302978	0.246118	0.448493	-0.144502	-0.024557	-0.006401	0.060595	0.223645	0.215319	0.507086
2021-07-29 06:21:13.000000 	326.000000	58.214554	-154.150293	190.200055	-0.038830	-0.014700	0.024851	0.313043	0.254305	0.463397	-0.159422	-0.022062	-0.003701	0.042907	0.231082	0.222478	0.523936
2021-07-29 06:21:14.000000 	327.000000	58.214554	-154.150293	190.200055	-0.038681	-0.005597	0.041931	0.290072	0.235654	0.429397	-0.140257	-0.009578	-0.011828	0.055264	0.214132	0.206158	0.485493
2021-07-29 06:21:15.000000 	328.000000	58.214554	-154.150293	190.200055	-0.051919	-0.007177	0.050766	0.336303	0.273223	0.497838	-0.159591	-0.015636	-0.016179	0.069412	0.248267	0.239020	0.562873
2021-07-29 06:21:16.000000 	329.000000	58.214554	-154.150293	190.200055	-0.023891	-0.016875	0.002916	0.342296	0.278104	0.506715	-0.188910	-0.022995	0.004770	0.017680	0.252700	0.243286	0.572908
2021-07-29 06:21:17.000000 	330.000000	58.214554	-154.150293	190.200055	-0.038977	-0.016260	0.040280	0.296431	0.240851	0.438823	-0.143554	-0.014626	-0.002361	0.056449	0.218847	0.210693	0.496146
2021-07-29 06:21:18.000000 	331.000000	58.214554	-154.150293	190.200055	-0.024400	-0.017807	0.006541	0.295693	0.240261	0.437734	-0.160227	-0.021819	0.005387	0.021216	0.218309	0.210174	0.494913
2021-07-29 06:21:19.000000 	332.000000	58.214554	-154.150293	190.200055	-0.038510	-0.008964	0.045677	0.322225	0.261830	0.477017	-0.157251	-0.008722	-0.008724	0.059140	0.237905	0.229038	0.539325
