2021-07-29 06:12:43.000000 	-184.000000	59.252508	-154.162880	417.489586	-0.031844	-0.010908	0.015255	0.326513	0.260001	0.479033	-0.171482	-0.020919	-0.004061	0.030194	0.238339	0.229937	0.542225
2021-07-29 06:12:44.000000 	-183.000000	59.252508	-154.162880	417.489586	-0.030203	-0.020941	0.024048	0.346811	0.276172	0.508822	-0.179130	-0.018912	0.005685	0.039231	0.253157	0.244231	0.575944
2021-07-29 06:12:45.000000 	-182.000000	59.252508	-154.162880	417.489586	-0.037400	-0.007708	0.021046	0.297387	0.236822	0.436320	-0.151154	-0.021057	-0.009361	0.037014	0.217081	0.209427	0.493878
2021-07-29 06:12:46.000000 	-181.000000	59.252508	-154.162880	417.489586	-0.031116	-0.015278	-0.006432	0.386860	0.308082	0.567607	-0.214095	-0.033080	0.000190	0.012194	0.282395	0.272437	0.642483
2021-07-29 06:12:47.000000 	-180.000000	59.252508	-154.162880	417.489586	-0.016027	-0.011827	0.006959	0.243398	0.193840	0.357126	-0.131332	-0.013269	0.003661	0.015990	0.177674	0.171408	0.404236
2021-07-29 06:12:48.000000 	-179.000000	59.252508	-154.162880	417.489586	-0.035089	-0.014910	0.020914	0.325742	0.259425	0.477955	-0.167494	-0.022034	-0.001872	0.037443	0.237784	0.229398	0.541004
2021-07-29 06:12:49.000000 	-178.000000	59.252508	-154.162880	417.489586	-0.026265	-0.011968	0.020140	0.298879	0.238038	0.438549	-0.155220	-0.014502	-0.000675	0.032061	0.218176	0.210480	0.496400
2021-07-29 06:12:50.000000 	-177.000000	59.252508	-154.162880	417.489586	-0.027396	-0.012525	-0.000315	0.334684	0.266562	0.491097	-0.183208	-0.026044	-0.000667	0.015127	0.244315	0.235696	0.555880
2021-07-29 06:12:51.000000 	-176.000000	59.252508	-154.162880	417.489586	-0.042049	-0.011741	0.029624	0.316317	0.251941	0.464158	-0.156962	-0.021778	-0.007758	0.047425	0.230909	0.222763	0.525386
2021-07-29 06:12:52.000000 	-175.000000	59.252508	-154.162880	417.489586	-0.029378	-0.025264	0.017226	0.335992	0.267620	0.493039	-0.175239	-0.023381	0.009935	0.033952	0.245273	0.236620	0.558078
2021-07-29 06:12:53.000000 	-174.000000	59.252508	-154.162880	417.489586	-0.021389	0.001170	-0.001640	0.281763	0.224433	0.413472	-0.156414	-0.016945	-0.010375	0.008171	0.205688	0.198430	0.468015
2021-07-29 06:12:54.000000 	-173.000000	59.252508	-154.162880	417.489586	-0.032158	-0.019355	0.024408	0.348385	0.277507	0.511248	-0.179534	-0.019645	0.003405	0.040087	0.254324	0.245349	0.578688
2021-07-29 06:12:55.000000 	-172.000000	59.252508	-154.162880	417.489586	-0.024781	-0.012413	-0.008786	0.318576	0.253770	0.467514	-0.177869	-0.028310	0.000372	0.006617	0.232565	0.224357	0.529185
2021-07-29 06:12:56.000000 	-171.000000	59.252508	-154.162880	417.489586	-0.035234	-0.021601	0.041833	0.307100	0.244635	0.450682	-0.147802	-0.013957	0.004086	0.056978	0.224188	0.216275	0.510133
2021-07-29 06:12:57.000000 	-170.000000	59.252508	-154.162880	417.489586	-0.029257	-0.015632	-0.001525	0.339029	0.270078	0.497551	-0.185261	-0.029266	0.001319	0.015635	0.247499	0.238763	0.563184
2021-07-29 06:12:58.000000 	-169.000000	59.252508	-154.162880	417.489586	-0.034794	-0.006397	0.037343	0.277129	0.220774	0.406717	-0.134024	-0.010218	-0.009406	0.049530	0.202312	0.195170	0.460368
2021-07-29 06:12:59.000000 	-168.000000	59.252508	-154.162880	417.489586	-0.023887	-0.006280	-0.003252	0.316443	0.252101	0.464425	-0.175521	-0.022492	-0.004758	0.009596	0.231014	0.222858	0.525689
2021-07-29 06:13:00.000000 	-167.000000	59.252508	-154.162880	417.489586	-0.030393	-0.024076	0.016877	0.340377	0.271176	0.499563	-0.177764	-0.023899	0.008423	0.033854	0.248488	0.239715	0.565461
2021-07-29 06:13:01.000000 	-166.000000	59.252508	-154.162880	417.489586	-0.026711	-0.011594	0.012681	0.278648	0.222004	0.408974	-0.146379	-0.018521	-0.001206	0.025772	0.203426	0.196243	0.462922
2021-07-29 06:13:02.000000 	-165.000000	59.252508	-154.162880	417.489586	-0.031924	-0.004507	0.015761	0.356667	0.284170	0.523494	-0.189245	-0.018324	-0.009857	0.029239	0.260384	0.251189	0.592548
2021-07-29 06:13:03.000000 	-164.000000	59.252508	-154.162880	417.489586	-0.034782	-0.024176	0.007047	0.308053	0.245445	0.452152	-0.161524	-0.032357	0.006601	0.027448	0.224896	0.216953	0.511796
2021-07-29 06:13:04.000000 	-163.000000	59.252508	-154.162880	417.489586	-0.031704	-0.014053	0.031842	0.322829	0.257226	0.473851	-0.162655	-0.013508	-0.001169	0.045086	0.235685	0.227361	0.536356
2021-07-29 06:13:05.000000 	-162.000000	59.252508	-154.162880	417.489586	-0.027313	-0.024764	-0.000280	0.336044	0.267763	0.493257	-0.182531	-0.030546	0.010385	0.017845	0.245334	0.236668	0.558323
2021-07-29 06:13:06.000000 	-161.000000	59.252508	-154.162880	417.489586	-0.032085	0.002367	0.027370	0.293220	0.233648	0.430408	-0.148761	-0.009939	-0.016114	0.037759	0.214071	0.206509	0.487184
2021-07-29 06:13:07.000000 	-160.000000	59.252508	-154.162880	417.489586	-0.019690	-0.017469	0.004028	0.324555	0.258624	0.476415	-0.177412	-0.019714	0.007142	0.016414	0.236950	0.228579	0.539259
2021-07-29 06:13:08.000000 	-159.000000	59.252508	-154.162880	417.489586	-0.045489	-0.012235	0.031075	0.333683	0.265905	0.489824	-0.165330	-0.023882	-0.008813	0.050365	0.243616	0.235008	0.554436
2021-07-29 06:13:09.000000 	-158.000000	59.252508	-154.162880	417.489586	-0.017299	-0.017338	-0.018325	0.349510	0.278527	0.513069	-0.200799	-0.029244	0.008066	-0.003926	0.255173	0.246157	0.580748
2021-07-29 06:13:10.000000 	-157.000000	59.252508	-154.162880	417.489586	-0.044111	-0.016363	0.034080	0.203603	0.162257	0.298888	0.141463	-0.022826	-0.004497	0.053233	0.148649	0.143396	0.338314
2021-07-29 06:13:11.000000 	-156.000000	59.252508	-154.162880	417.489586	-0.023590	-0.017530	0.011970	0.786741	0.626995	1.154960	-0.438631	-0.018693	0.005497	0.025048	0.574399	0.554099	1.307308
2021-07-29 06:13:12.000000 	-155.000000	59.252508	-154.162880	417.489586	-0.041791	-0.011274	0.041700	0.339596	0.270650	0.498549	-0.165791	-0.015230	-0.008066	0.057580	0.247941	0.239178	0.564311
2021-07-29 06:13:13.000000 	-154.000000	59.252508	-154.162880	417.489586	-0.010746	-0.005728	-0.025487	0.281649	0.224474	0.413487	-0.167615	-0.023488	0.000472	-0.015683	0.205635	0.198366	0.468029
2021-07-29 06:13:14.000000 	-153.000000	59.252508	-154.162880	417.489586	-0.039335	-0.013503	0.032219	0.336658	0.268325	0.494257	-0.168325	-0.019012	-0.004989	0.048799	0.245800	0.237111	0.559453
2021-07-29 06:13:15.000000 	-152.000000	59.252508	-154.162880	417.489586	-0.027085	-0.016612	0.006924	0.325383	0.259346	0.477714	-0.174788	-0.023633	0.003148	0.022115	0.237570	0.229170	0.540728
2021-07-29 06:13:16.000000 	-151.000000	59.252508	-154.162880	417.489586	-0.038351	-0.015846	0.024215	0.303115	0.241604	0.445030	-0.152143	-0.023220	-0.002452	0.041989	0.221313	0.213488	0.503733
2021-07-29 06:13:17.000000 	-150.000000	59.252508	-154.162880	417.489586	-0.021228	-0.004779	-0.002753	0.353208	0.281540	0.518588	-0.197411	-0.019618	-0.004950	0.008467	0.257889	0.248770	0.586993
2021-07-29 06:13:18.000000 	-149.000000	59.252508	-154.162880	417.489586	-0.049253	-0.022475	0.037313	0.309084	0.246377	0.453815	-0.146489	-0.027440	-0.001237	0.059740	0.225675	0.217694	0.513676
2021-07-29 06:13:19.000000 	-148.000000	59.252508	-154.162880	417.489586	-0.015915	-0.014850	0.004893	0.353971	0.282166	0.519732	-0.195349	-0.015371	0.006430	0.014837	0.258451	0.249310	0.588287
2021-07-29 06:13:20.000000 	-147.000000	59.252508	-154.162880	417.489586	-0.032338	-0.008663	0.027424	0.262414	0.209188	0.385307	-0.129996	-0.014238	-0.006296	0.040380	0.191602	0.184825	0.436131
2021-07-29 06:13:21.000000 	-146.000000	59.252508	-154.162880	417.489586	-0.045530	-0.019355	0.006644	0.376462	0.300112	0.552779	-0.198454	-0.039071	-0.002422	0.030973	0.274877	0.265154	0.625693
2021-07-29 06:13:22.000000 	-145.000000	59.252508	-154.162880	417.489586	-0.017509	-0.013285	0.010365	0.305444	0.243504	0.448508	-0.165115	-0.013220	0.004326	0.019924	0.223024	0.215134	0.507669
2021-07-29 06:13:23.000000 	-144.000000	59.252508	-154.162880	417.489586	-0.042757	-0.015324	0.040427	0.341941	0.272608	0.502111	-0.166971	-0.018144	-0.004842	0.057833	0.249675	0.240842	0.568341
2021-07-29 06:13:24.000000 	-143.000000	59.252508	-154.162880	417.489586	-0.028530	-0.013683	0.001028	0.284285	0.226650	0.417458	-0.153245	-0.026668	-0.000119	0.017060	0.207578	0.200234	0.472522
2021-07-29 06:13:25.000000 	-142.000000	59.252508	-154.162880	417.489586	-0.029767	-0.009786	0.002439	0.354139	0.282351	0.520046	-0.192997	-0.025444	-0.004165	0.017974	0.258587	0.249436	0.588642
2021-07-29 06:13:26.000000 	-141.000000	59.252508	-154.162880	417.489586	-0.024836	-0.019153	0.020078	0.311875	0.248662	0.457992	-0.162336	-0.016120	0.006415	0.032951	0.227728	0.219669	0.518402
2021-07-29 06:13:27.000000 	-140.000000	59.252508	-154.162880	417.489586	-0.034969	-0.008849	0.006519	0.359378	0.286545	0.527762	-0.193023	-0.027030	-0.007276	0.023665	0.262417	0.253129	0.597375
2021-07-29 06:13:28.000000 	-139.000000	59.252508	-154.162880	417.489586	-0.021753	-0.013068	0.017955	0.258866	0.206409	0.380163	-0.134254	-0.012541	0.002282	0.028352	0.189024	0.182333	0.430307
2021-07-29 06:13:29.000000 	-138.000000	59.252508	-154.162880	417.489586	-0.041526	-0.021791	0.021327	0.349114	0.278378	0.512711	-0.178142	-0.029380	0.001515	0.042293	0.254926	0.245902	0.580338
2021-07-29 06:13:30.000000 	-137.000000	59.252508	-154.162880	417.489586	-0.033870	-0.019759	0.018932	0.318607	0.254059	0.467918	-0.163992	-0.023921	0.003023	0.036258	0.232651	0.224415	0.529636
2021-07-29 06:13:31.000000 	-136.000000	59.252508	-154.162880	417.489586	-0.025238	0.002033	0.021114	0.333770	0.266159	0.490198	-0.176527	-0.007966	-0.012828	0.029306	0.243726	0.235097	0.554856
2021-07-29 06:13:32.000000 	-135.000000	59.252508	-154.162880	417.489586	-0.025125	-0.021943	0.001770	0.296621	0.236542	0.435648	-0.160086	-0.026748	0.008799	0.017972	0.216601	0.208931	0.493109
2021-07-29 06:13:33.000000 	-134.000000	59.252508	-154.162880	417.489586	-0.042770	-0.006688	0.017819	0.343680	0.274078	0.504774	-0.177551	-0.026478	-0.012620	0.036484	0.250967	0.242079	0.571353
2021-07-29 06:13:34.000000 	-133.000000	59.252508	-154.162880	417.489586	-0.022323	-0.023868	0.004537	0.309112	0.246518	0.454013	-0.166804	-0.023888	0.011754	0.019489	0.225727	0.217732	0.513897
2021-07-29 06:13:35.000000 	-132.000000	59.252508	-154.162880	417.489586	-0.029484	-0.012254	0.010794	0.305455	0.243609	0.448650	-0.161664	-0.021878	-0.001821	0.025574	0.223057	0.215157	0.507826
2021-07-29 06:13:36.000000 	-131.000000	59.252508	-154.162880	417.489586	-0.034656	-0.006182	0.023255	0.286901	0.228819	0.421408	-0.145277	-0.017233	-0.009540	0.037310	0.209511	0.202089	0.476991
2021-07-29 06:13:37.000000 	-130.000000	59.252508	-154.162880	417.489586	-0.029337	-0.025185	0.029089	0.364717	0.290890	0.535718	-0.187251	-0.017254	0.009882	0.044110	0.266339	0.256903	0.606377
2021-07-29 06:13:38.000000 	-129.000000	59.252508	-154.162880	417.489586	-0.033559	-0.015080	0.017340	0.315009	0.251252	0.462713	-0.163163	-0.022741	-0.001053	0.033705	0.230041	0.221891	0.523744
2021-07-29 06:13:39.000000 	-128.000000	59.252508	-154.162880	417.489586	-0.033303	-0.003131	0.016884	0.307858	0.245556	0.452219	-0.160485	-0.018301	-0.011696	0.030532	0.224821	0.216855	0.511865
2021-07-29 06:13:40.000000 	-127.000000	59.252508	-154.162880	417.489586	-0.033765	-0.021642	0.012651	0.312658	0.249391	0.459279	-0.162756	-0.027756	0.004763	0.031231	0.228328	0.220237	0.519856
2021-07-29 06:13:41.000000 	-126.000000	59.252508	-154.162880	417.489586	-0.020687	-0.007924	0.002970	0.312219	0.249049	0.458645	-0.171552	-0.017451	-0.001884	0.013837	0.228010	0.219930	0.519138
2021-07-29 06:13:42.000000 	-125.000000	59.252508	-154.162880	417.489586	-0.037620	-0.018108	0.021095	0.309792	0.247121	0.455088	-0.157177	-0.025097	-0.000098	0.039476	0.226239	0.218221	0.515112
2021-07-29 06:13:43.000000 	-124.000000	59.252508	-154.162880	417.489586	-0.035026	-0.015729	0.033989	0.321603	0.256550	0.472449	-0.160018	-0.015607	-0.001108	0.048833	0.234867	0.226542	0.534762
2021-07-29 06:13:44.000000 	-123.000000	59.252508	-154.162880	417.489586	-0.027514	-0.013782	0.002468	0.341381	0.272336	0.501515	-0.185901	-0.025183	0.000413	0.017853	0.249314	0.240476	0.567662
2021-07-29 06:13:45.000000 	-122.000000	59.252508	-154.162880	417.489586	-0.043188	-0.020056	0.025455	0.304219	0.242697	0.446930	-0.150390	-0.027904	-0.000771	0.046218	0.222176	0.214299	0.505877
2021-07-29 06:13:46.000000 	-121.000000	59.252508	-154.162880	417.489586	-0.019146	-0.001390	0.009089	0.314694	0.251062	0.462328	-0.171707	-0.010684	-0.007093	0.016931	0.229828	0.221679	0.523306
2021-07-29 06:13:47.000000 	-120.000000	59.252508	-154.162880	417.489586	-0.039086	-0.018400	0.023891	0.305031	0.243360	0.448142	-0.152897	-0.024911	-0.000474	0.042618	0.222773	0.214873	0.507248
2021-07-29 06:13:48.000000 	-119.000000	59.252508	-154.162880	417.489586	-0.036433	-0.016753	0.012997	0.344048	0.274498	0.505476	-0.180504	-0.027811	-0.000800	0.031667	0.251271	0.242360	0.572144
2021-07-29 06:13:49.000000 	-118.000000	59.252508	-154.162880	417.489586	-0.031255	-0.017559	0.027249	0.297781	0.237591	0.437510	-0.149832	-0.016822	0.002182	0.041713	0.217483	0.209769	0.495213
2021-07-29 06:13:50.000000 	-117.000000	59.252508	-154.162880	417.489586	-0.026491	-0.018380	0.014717	0.332894	0.265615	0.489109	-0.176147	-0.019852	0.004998	0.028934	0.243130	0.234506	0.553618
2021-07-29 06:13:51.000000 	-116.000000	59.252508	-154.162880	417.489586	-0.025899	-0.011675	-0.000532	0.302682	0.241516	0.444728	-0.165468	-0.024678	-0.000779	0.014062	0.221066	0.213224	0.503383
2021-07-29 06:13:52.000000 	-115.000000	59.252508	-154.162880	417.489586	-0.034601	-0.006053	0.029977	0.341913	0.272828	0.502381	-0.174372	-0.013706	-0.009632	0.043033	0.249721	0.240862	0.568640
2021-07-29 06:13:53.000000 	-114.000000	59.252508	-154.162880	417.489586	-0.035784	-0.016507	0.013697	0.319767	0.255164	0.469851	-0.166478	-0.026860	-0.000739	0.031915	0.233549	0.225263	0.531819
2021-07-29 06:13:54.000000 	-113.000000	59.252508	-154.162880	417.489586	-0.028042	-0.014938	0.027781	0.303941	0.242543	0.446606	-0.154382	-0.013083	0.001224	0.040107	0.221992	0.214115	0.505508
2021-07-29 06:13:55.000000 	-112.000000	59.252508	-154.162880	417.489586	-0.030615	-0.013320	-0.002055	0.320931	0.256109	0.471582	-0.174949	-0.029721	-0.001354	0.015289	0.234404	0.226086	0.533777
2021-07-29 06:13:56.000000 	-111.000000	59.252508	-154.162880	417.489586	-0.025959	-0.015873	0.010875	0.278366	0.222148	0.409044	-0.146691	-0.020465	0.002973	0.024828	0.203317	0.196101	0.462992
2021-07-29 06:13:57.000000 	-110.000000	59.252508	-154.162880	417.489586	-0.035110	-0.020611	0.027930	0.352492	0.281313	0.517979	-0.179616	-0.020598	0.003250	0.044752	0.257461	0.248323	0.586294
2021-07-29 06:13:58.000000 	-109.000000	59.252508	-154.162880	417.489586	-0.025642	-0.000456	0.005240	0.314021	0.250618	0.461457	-0.171022	-0.017327	-0.010765	0.016405	0.229364	0.221222	0.522316
2021-07-29 06:13:59.000000 	-108.000000	59.252508	-154.162880	417.489586	-0.040536	-0.017647	0.023203	0.323018	0.257806	0.474687	-0.163194	-0.026102	-0.001783	0.042526	0.235938	0.227562	0.537291
2021-07-29 06:14:00.000000 	-107.000000	59.252508	-154.162880	417.489586	-0.026351	-0.010560	0.021423	0.307331	0.245294	0.451644	-0.159772	-0.013385	-0.001979	0.032890	0.224482	0.216512	0.511209
2021-07-29 06:14:01.000000 	-106.000000	59.252508	-154.162880	417.489586	-0.027431	-0.017336	0.015761	0.292612	0.233553	0.430022	-0.152436	-0.019654	0.003649	0.030030	0.213733	0.206144	0.486735
2021-07-29 06:14:02.000000 	-105.000000	59.252508	-154.162880	417.489586	-0.025980	-0.009149	0.004966	0.343120	0.273876	0.504260	-0.186931	-0.020984	-0.003088	0.018261	0.250628	0.241728	0.570763
2021-07-29 06:14:03.000000 	-104.000000	59.252508	-154.162880	417.489586	-0.046178	-0.020272	0.036850	0.318075	0.253893	0.467462	-0.153104	-0.024473	-0.001880	0.057436	0.232336	0.224085	0.529112
2021-07-29 06:14:04.000000 	-103.000000	59.252508	-154.162880	417.489586	-0.030892	-0.013065	0.010696	0.336819	0.268863	0.495019	-0.179285	-0.023320	-0.001704	0.026318	0.246030	0.237292	0.560303
2021-07-29 06:14:05.000000 	-102.000000	59.252508	-154.162880	417.489586	-0.030165	-0.021278	0.025235	0.279590	0.223187	0.410919	-0.140027	-0.018402	0.006005	0.040309	0.204230	0.196975	0.465111
2021-07-29 06:14:06.000000 	-101.000000	59.252508	-154.162880	417.489586	-0.024777	-0.009929	0.005538	0.345409	0.275737	0.507666	-0.188302	-0.020053	-0.001861	0.018373	0.252311	0.243348	0.574617
2021-07-29 06:14:07.000000 	-100.000000	59.252508	-154.162880	417.489586	-0.020546	-0.006269	0.004305	0.341642	0.272738	0.502138	-0.188194	-0.016040	-0.003312	0.014550	0.249561	0.240695	0.568360
2021-07-29 06:14:08.000000 	-99.000000	59.252508	-154.162880	417.489586	-0.036105	-0.023419	0.028298	0.274064	0.218797	0.402822	-0.133656	-0.022232	0.005343	0.046152	0.200199	0.193086	0.455946
2021-07-29 06:14:09.000000 	-98.000000	59.252508	-154.162880	417.489586	-0.044176	-0.017758	0.027988	0.336232	0.268436	0.494207	-0.167886	-0.026513	-0.003270	0.048337	0.245615	0.236887	0.559382
2021-07-29 06:14:10.000000 	-97.000000	59.252508	-154.162880	417.489586	-0.028749	-0.007986	0.010160	0.293738	0.234518	0.431757	-0.155866	-0.020034	-0.005341	0.023740	0.214576	0.206950	0.488696
2021-07-29 06:14:11.000000 	-96.000000	59.252508	-154.162880	417.489586	-0.033713	-0.016197	0.022779	0.313626	0.250405	0.461000	-0.160155	-0.020499	-0.000115	0.038699	0.229107	0.220964	0.521795
2021-07-29 06:14:12.000000 	-95.000000	59.252508	-154.162880	417.489586	-0.022417	-0.015098	0.005287	0.329276	0.262907	0.484013	-0.179236	-0.020292	0.003819	0.018223	0.240541	0.231991	0.547842
2021-07-29 06:14:13.000000 	-94.000000	59.252508	-154.162880	417.489586	-0.023677	-0.010014	0.014151	0.240818	0.192286	0.353994	-0.125173	-0.014831	-0.001306	0.025288	0.175924	0.169670	0.400677
2021-07-29 06:14:14.000000 	-93.000000	59.252508	-154.162880	417.489586	-0.030467	-0.016790	0.016833	0.376941	0.300984	0.554100	-0.199755	-0.021249	0.001833	0.032227	0.275367	0.265578	0.627172
2021-07-29 06:14:15.000000 	-92.000000	59.252508	-154.162880	417.489586	-0.026335	-0.007265	0.016397	0.319095	0.254802	0.469076	-0.168845	-0.014709	-0.004938	0.027829	0.233111	0.224823	0.530935
2021-07-29 06:14:16.000000 	-91.000000	59.252508	-154.162880	417.489586	-0.031893	-0.017549	0.024089	0.312551	0.249585	0.459466	-0.159415	-0.018927	0.001896	0.039288	0.228333	0.220214	0.520057
2021-07-29 06:14:17.000000 	-90.000000	59.252508	-154.162880	417.489586	-0.037391	-0.016102	0.022468	0.278488	0.222391	0.409400	-0.138938	-0.023467	-0.001804	0.040102	0.203451	0.196216	0.463388
2021-07-29 06:14:18.000000 	-89.000000	59.252508	-154.162880	417.489586	-0.036934	-0.014489	0.027996	0.340622	0.272018	0.500752	-0.172935	-0.019683	-0.003056	0.044284	0.248846	0.239995	0.566787
2021-07-29 06:14:19.000000 	-88.000000	59.252508	-154.162880	417.489586	-0.019923	-0.009158	0.002218	0.340433	0.271876	0.500485	-0.188193	-0.017707	-0.000440	0.013114	0.248711	0.239864	0.566484
2021-07-29 06:14:20.000000 	-87.000000	59.252508	-154.162880	417.489586	-0.031350	-0.014594	-0.001764	0.307469	0.245558	0.452032	-0.166744	-0.030618	-0.000527	0.016161	0.224631	0.216640	0.511642
2021-07-29 06:14:21.000000 	-86.000000	59.252508	-154.162880	417.489586	-0.026572	-0.013167	0.018329	0.330213	0.263731	0.485480	-0.173824	-0.016115	0.000270	0.030913	0.241250	0.232667	0.549500
2021-07-29 06:14:22.000000 	-85.000000	59.252508	-154.162880	417.489586	-0.030515	-0.015104	0.021906	0.300031	0.239632	0.441114	-0.153734	-0.018061	0.000295	0.036233	0.219201	0.211402	0.499283
2021-07-29 06:14:23.000000 	-84.000000	59.252508	-154.162880	417.489586	-0.039172	-0.008269	0.022781	0.247215	0.197456	0.363471	-0.121021	-0.021750	-0.009630	0.039446	0.180617	0.174190	0.411401
2021-07-29 06:14:24.000000 	-83.000000	59.252508	-154.162880	417.489586	-0.031665	-0.014689	0.019127	0.378599	0.302404	0.556651	-0.199731	-0.020216	-0.000580	0.034282	0.276609	0.266766	0.630054
2021-07-29 06:14:25.000000 	-82.000000	59.252508	-154.162880	417.489586	-0.027086	-0.016227	0.015149	0.301379	0.240732	0.443123	-0.157979	-0.019284	0.002800	0.029099	0.220194	0.212357	0.501556
2021-07-29 06:14:26.000000 	-81.000000	59.252508	-154.162880	417.489586	-0.034022	-0.016893	0.033775	0.310125	0.247726	0.455992	-0.153715	-0.015376	0.000377	0.048446	0.226587	0.218522	0.516122
2021-07-29 06:14:27.000000 	-80.000000	59.252508	-154.162880	417.489586	-0.022324	-0.013192	-0.012228	0.372338	0.297431	0.547477	-0.210843	-0.028461	0.002144	0.002702	0.272044	0.262360	0.619670
2021-07-29 06:14:28.000000 	-79.000000	59.252508	-154.162880	417.489586	-0.044104	-0.011235	0.036628	0.238908	0.190850	0.351291	-0.109036	-0.019597	-0.009109	0.054277	0.174557	0.168343	0.397614
2021-07-29 06:14:29.000000 	-78.000000	59.252508	-154.162880	417.489586	-0.025381	-0.014718	0.004391	0.373156	0.298103	0.548702	-0.204038	-0.022900	0.002185	0.018732	0.272648	0.262941	0.621056
2021-07-29 06:14:30.000000 	-77.000000	59.252508	-154.162880	417.489586	-0.031874	-0.018086	0.027195	0.327565	0.261690	0.481673	-0.166819	-0.017525	0.002387	0.042069	0.239339	0.230817	0.545187
2021-07-29 06:14:31.000000 	-76.000000	59.252508	-154.162880	417.489586	-0.022218	-0.003063	0.000635	0.304521	0.243289	0.447798	-0.168119	-0.018009	-0.006926	0.011452	0.222505	0.214581	0.506845
2021-07-29 06:14:32.000000 	-75.000000	59.252508	-154.162880	417.489586	-0.042094	-0.012838	0.042509	0.309953	0.247636	0.455794	-0.148247	-0.015636	-0.006790	0.058763	0.226477	0.218411	0.515895
2021-07-29 06:14:33.000000 	-74.000000	59.252508	-154.162880	417.489586	-0.026666	-0.019834	0.004153	0.286947	0.229263	0.421971	-0.153518	-0.025932	0.006230	0.020259	0.209669	0.202201	0.477612
2021-07-29 06:14:34.000000 	-73.000000	59.252508	-154.162880	417.489586	-0.030997	0.000202	0.022666	0.325730	0.260258	0.479014	-0.169576	-0.012313	-0.013691	0.033698	0.238010	0.229532	0.542176
2021-07-29 06:14:35.000000 	-72.000000	59.252508	-154.162880	417.489586	-0.018669	-0.018989	0.010068	0.306671	0.245038	0.450995	-0.165032	-0.016406	0.008954	0.021474	0.224087	0.216103	0.510462
2021-07-29 06:14:36.000000 	-71.000000	59.252508	-154.162880	417.489586	-0.035780	-0.010700	0.016207	0.307782	0.245934	0.452638	-0.159308	-0.023398	-0.005963	0.032777	0.224901	0.216888	0.512322
2021-07-29 06:14:37.000000 	-70.000000	59.252508	-154.162880	417.489586	-0.037950	-0.021724	0.023847	0.327781	0.261922	0.482058	-0.166058	-0.025300	0.003013	0.042798	0.239518	0.230983	0.545621
2021-07-29 06:14:38.000000 	-69.000000	59.252508	-154.162880	417.489586	-0.036603	-0.009803	0.029932	0.289616	0.231433	0.425939	-0.143401	-0.016682	-0.007129	0.044751	0.211632	0.204090	0.482101
2021-07-29 06:14:39.000000 	-68.000000	59.252508	-154.162880	417.489586	-0.011749	-0.008898	-0.001204	0.350881	0.280399	0.516052	-0.197835	-0.013036	0.002888	0.006354	0.256404	0.247265	0.584095
2021-07-29 06:14:40.000000 	-67.000000	59.252508	-154.162880	417.489586	-0.046164	-0.015051	0.032194	0.321942	0.257281	0.473499	-0.157755	-0.024887	-0.006572	0.052264	0.235259	0.226874	0.535932
2021-07-29 06:14:41.000000 	-66.000000	59.252508	-154.162880	417.489586	-0.025528	-0.009109	0.005292	0.317845	0.254014	0.467482	-0.172466	-0.020453	-0.002928	0.018325	0.232268	0.223988	0.529121
2021-07-29 06:14:42.000000 	-65.000000	59.252508	-154.162880	417.489586	-0.038143	-0.019714	0.030472	0.284032	0.226999	0.417759	-0.138461	-0.021309	0.001120	0.048132	0.207561	0.200162	0.472841
2021-07-29 06:14:43.000000 	-64.000000	59.252508	-154.162880	417.489586	-0.034471	-0.010133	0.010265	0.338565	0.270591	0.497977	-0.179760	-0.025211	-0.005903	0.026941	0.247415	0.238594	0.563635
2021-07-29 06:14:44.000000 	-63.000000	59.252508	-154.162880	417.489586	-0.026250	-0.015909	0.024149	0.338388	0.270458	0.497726	-0.176090	-0.013917	0.002879	0.036378	0.247289	0.238471	0.563351
2021-07-29 06:14:45.000000 	-62.000000	59.252508	-154.162880	417.489586	-0.028843	-0.010214	0.004567	0.308429	0.246522	0.453670	-0.166229	-0.023801	-0.003377	0.019473	0.225399	0.217361	0.513486
2021-07-29 06:14:46.000000 	-61.000000	59.252508	-154.162880	417.489586	-0.027981	-0.006018	0.017871	0.285461	0.228171	0.419894	-0.148618	-0.014761	-0.006779	0.029575	0.208616	0.201176	0.475257
2021-07-29 06:14:47.000000 	-60.000000	59.252508	-154.162880	417.489586	-0.029996	-0.016320	0.013434	0.328738	0.262771	0.483561	-0.173566	-0.022447	0.001616	0.028984	0.240246	0.231677	0.547318
2021-07-29 06:14:48.000000 	-59.000000	59.252508	-154.162880	417.489586	-0.025884	-0.010091	0.016558	0.324941	0.259744	0.477984	-0.172043	-0.015336	-0.002199	0.028389	0.237474	0.229003	0.541005
2021-07-29 06:14:49.000000 	-58.000000	59.252508	-154.162880	417.489586	-0.040454	-0.014502	0.024776	0.330320	0.264053	0.485907	-0.167247	-0.024057	-0.004578	0.043140	0.241409	0.232796	0.549972
2021-07-29 06:14:50.000000 	-57.000000	59.252508	-154.162880	417.489586	-0.039563	-0.022380	0.034323	0.292137	0.233538	0.429748	-0.140922	-0.021437	0.002900	0.052689	0.213506	0.205888	0.486408
2021-07-29 06:14:51.000000 	-56.000000	59.252508	-154.162880	417.489586	-0.023701	-0.006947	-0.006409	0.342443	0.273761	0.503760	-0.191795	-0.024212	-0.004076	0.006945	0.250275	0.241344	0.570177
2021-07-29 06:14:52.000000 	-55.000000	59.252508	-154.162880	417.489586	-0.035219	-0.011708	0.027640	0.262088	0.209530	0.385560	-0.128665	-0.017497	-0.004811	0.042569	0.191550	0.184714	0.436393
2021-07-29 06:14:53.000000 	-54.000000	59.252508	-154.162880	417.489586	-0.033089	-0.011842	0.010652	0.343450	0.274584	0.505260	-0.182682	-0.024584	-0.003763	0.027019	0.251017	0.242058	0.571875
2021-07-29 06:14:54.000000 	-53.000000	59.252508	-154.162880	417.489586	-0.029298	-0.018341	0.021684	0.332218	0.265613	0.488746	-0.172385	-0.018446	0.003739	0.036204	0.242811	0.234144	0.553183
2021-07-29 06:14:55.000000 	-52.000000	59.252508	-154.162880	417.489586	-0.030753	-0.008180	0.036957	0.328869	0.262944	0.483829	-0.165106	-0.007957	-0.006041	0.047735	0.240367	0.231786	0.547617
2021-07-29 06:14:56.000000 	-51.000000	59.252508	-154.162880	417.489586	-0.038179	-0.019117	-0.002592	0.284771	0.227693	0.418961	-0.151290	-0.038018	0.000567	0.019600	0.208138	0.200707	0.474196
2021-07-29 06:14:57.000000 	-50.000000	59.252508	-154.162880	417.489586	-0.023618	-0.012658	0.020576	0.333506	0.266669	0.490670	-0.175790	-0.012490	0.001100	0.031372	0.243762	0.235058	0.555359
2021-07-29 06:14:58.000000 	-49.000000	59.252508	-154.162880	417.489586	-0.023199	-0.009166	0.011043	0.318381	0.254583	0.468426	-0.171277	-0.015732	-0.001861	0.022208	0.232710	0.224400	0.530182
2021-07-29 06:14:59.000000 	-48.000000	59.252508	-154.162880	417.489586	-0.037960	-0.015331	0.033161	0.319712	0.255656	0.470394	-0.158561	-0.018151	-0.002745	0.049383	0.233686	0.225340	0.532409
2021-07-29 06:15:00.000000 	-47.000000	59.252508	-154.162880	417.489586	-0.033002	-0.014031	0.015663	0.346982	0.277472	0.510527	-0.182619	-0.022775	-0.001755	0.031773	0.253622	0.244563	0.577832
2021-07-29 06:15:01.000000 	-46.000000	59.252508	-154.162880	417.489586	-0.035187	-0.016990	0.020767	0.236196	0.188885	0.347530	-0.115792	-0.022964	-0.000044	0.037825	0.172646	0.166479	0.393346
2021-07-29 06:15:02.000000 	-45.000000	59.252508	-154.162880	417.489586	-0.019848	-0.010494	0.008672	0.355047	0.283939	0.522412	-0.194079	-0.014849	0.000795	0.018925	0.259523	0.250252	0.591283
2021-07-29 06:15:03.000000 	-44.000000	59.252508	-154.162880	417.489586	-0.045359	-0.008375	0.032525	0.287776	0.230149	0.423439	-0.138825	-0.021594	-0.012230	0.050691	0.210354	0.202839	0.479262
2021-07-29 06:15:04.000000 	-43.000000	59.252508	-154.162880	417.489586	-0.029928	-0.025259	0.001277	0.319007	0.255134	0.469402	-0.171463	-0.031958	0.009691	0.020497	0.233186	0.224854	0.531284
2021-07-29 06:15:05.000000 	-42.000000	59.252508	-154.162880	417.489586	-0.027711	-0.006582	0.035165	0.322132	0.257642	0.474009	-0.162962	-0.005922	-0.006153	0.044440	0.235473	0.227058	0.536497
2021-07-29 06:15:06.000000 	-41.000000	59.252508	-154.162880	417.489586	-0.015498	-0.013091	0.003995	0.326350	0.261024	0.480225	-0.180308	-0.014849	0.005028	0.013482	0.238560	0.230034	0.543532
2021-07-29 06:15:07.000000 	-40.000000	59.252508	-154.162880	417.489586	-0.047748	-0.010680	0.021626	0.301681	0.241301	0.443933	-0.150051	-0.029878	-0.011197	0.042937	0.220530	0.212648	0.502456
2021-07-29 06:15:08.000000 	-39.000000	59.252508	-154.162880	417.489586	-0.027044	-0.022300	0.033251	0.316229	0.252945	0.465349	-0.158841	-0.012272	0.008285	0.045990	0.231168	0.222904	0.526695
2021-07-29 06:15:09.000000 	-38.000000	59.252508	-154.162880	417.489586	-0.034387	-0.013510	0.023219	0.347754	0.278171	0.511750	-0.179832	-0.019788	-0.002827	0.038788	0.254216	0.245128	0.579212
2021-07-29 06:15:10.000000 	-37.000000	59.252508	-154.162880	417.489586	-0.022710	-0.014332	-0.006873	0.328913	0.263108	0.484032	-0.183695	-0.026449	0.003002	0.007736	0.240446	0.231849	0.547840
2021-07-29 06:15:11.000000 	-36.000000	59.252508	-154.162880	417.489586	-0.040337	-0.009403	0.039976	0.275882	0.220694	0.406000	-0.130500	-0.014285	-0.009116	0.055013	0.201682	0.194470	0.459520
2021-07-29 06:15:12.000000 	-35.000000	59.252508	-154.162880	417.489586	-0.041249	-0.022549	0.028424	0.338282	0.270621	0.497839	-0.169352	-0.025821	0.002318	0.048433	0.247302	0.238458	0.563466
2021-07-29 06:15:13.000000 	-34.000000	59.252508	-154.162880	417.489586	-0.025973	-0.012369	0.012066	0.295243	0.236198	0.434508	-0.156462	-0.018555	-0.000187	0.025077	0.215841	0.208121	0.491786
2021-07-29 06:15:14.000000 	-33.000000	59.252508	-154.162880	417.489586	-0.035195	-0.008209	0.032125	0.331041	0.264845	0.487201	-0.167039	-0.013874	-0.007950	0.045633	0.242015	0.233358	0.551424
2021-07-29 06:15:15.000000 	-32.000000	59.252508	-154.162880	417.489586	-0.031445	-0.019013	0.010402	0.339399	0.271542	0.499512	-0.180176	-0.026127	0.003408	0.027645	0.248129	0.239253	0.565358
2021-07-29 06:15:16.000000 	-31.000000	59.252508	-154.162880	417.489586	-0.028352	-0.009533	0.019382	0.308360	0.246716	0.453838	-0.160812	-0.015592	-0.003777	0.031828	0.225440	0.217374	0.513663
2021-07-29 06:15:17.000000 	-30.000000	59.252508	-154.162880	417.489586	-0.041457	-0.013358	0.018689	0.248580	0.198894	0.365863	-0.122183	-0.027516	-0.006044	0.038115	0.181738	0.175235	0.414089
2021-07-29 06:15:18.000000 	-29.000000	59.252508	-154.162880	417.489586	-0.035636	-0.015017	0.018278	0.383203	0.306618	0.564012	-0.201638	-0.023845	-0.002015	0.035453	0.280165	0.270139	0.638358
2021-07-29 06:15:19.000000 	-28.000000	59.252508	-154.162880	417.489586	-0.033360	-0.017248	0.021323	0.314201	0.251415	0.462462	-0.161149	-0.021363	0.000986	0.037520	0.229720	0.221499	0.523421
2021-07-29 06:15:20.000000 	-27.000000	59.252508	-154.162880	417.489586	-0.021147	-0.003061	0.016143	0.329477	0.263646	0.484954	-0.176896	-0.009251	-0.006461	0.024287	0.240892	0.232270	0.548878
2021-07-29 06:15:21.000000 	-26.000000	59.252508	-154.162880	417.489586	-0.041602	-0.020089	0.037325	0.307894	0.246384	0.453195	-0.148568	-0.020622	-0.000050	0.055697	0.225115	0.217057	0.512931
2021-07-29 06:15:22.000000 	-25.000000	59.252508	-154.162880	417.489586	-0.018098	-0.008416	-0.001904	0.330561	0.264532	0.486569	-0.184796	-0.018125	-0.000313	0.008567	0.241692	0.233039	0.550704
2021-07-29 06:15:23.000000 	-24.000000	59.252508	-154.162880	417.489586	-0.047226	-0.022726	0.032390	0.294135	0.235390	0.432960	-0.140509	-0.028483	-0.000128	0.054632	0.215062	0.207362	0.490029
2021-07-29 06:15:24.000000 	-23.000000	59.252508	-154.162880	417.489586	-0.029451	-0.001496	0.009340	0.328066	0.262553	0.482914	-0.176469	-0.018566	-0.011489	0.021912	0.239874	0.231285	0.546566
2021-07-29 06:15:25.000000 	-22.000000	59.252508	-154.162880	417.489586	-0.028812	-0.020467	0.029702	0.313182	0.250649	0.461013	-0.158251	-0.014767	0.005864	0.043345	0.228995	0.220794	0.521779
2021-07-29 06:15:26.000000 	-21.000000	59.252508	-154.162880	417.489586	-0.036829	-0.012984	0.026117	0.340865	0.272814	0.501773	-0.174121	-0.019999	-0.004364	0.042285	0.249240	0.240313	0.567911
2021-07-29 06:15:27.000000 	-20.000000	59.252508	-154.162880	417.489586	-0.036105	-0.012005	0.027431	0.329672	0.263864	0.485305	-0.167477	-0.018400	-0.004930	0.042864	0.241058	0.232424	0.549270
2021-07-29 06:15:28.000000 	-19.000000	59.252508	-154.162880	417.489586	-0.032435	-0.013521	0.017354	0.310948	0.248886	0.457750	-0.161497	-0.021281	-0.001966	0.032853	0.227371	0.219226	0.518084
2021-07-29 06:15:29.000000 	-18.000000	59.252508	-154.162880	417.489586	-0.024067	-0.013103	0.002131	0.338060	0.270596	0.497672	-0.185382	-0.022434	0.001304	0.015825	0.247199	0.238343	0.563266
2021-07-29 06:15:30.000000 	-17.000000	59.252508	-154.162880	417.489586	-0.041966	-0.006199	0.040508	0.289272	0.231552	0.425857	-0.137850	-0.014073	-0.012710	0.055506	0.211527	0.203948	0.481986
2021-07-29 06:15:31.000000 	-16.000000	59.252508	-154.162880	417.489586	-0.033816	-0.020127	0.012767	0.339700	0.271927	0.500104	-0.178661	-0.027169	0.003378	0.031018	0.248405	0.239504	0.566018
2021-07-29 06:15:32.000000 	-15.000000	59.252508	-154.162880	417.489586	-0.025646	-0.010485	0.009681	0.324011	0.259377	0.477015	-0.174267	-0.018815	-0.001740	0.022457	0.236936	0.228445	0.539886
2021-07-29 06:15:33.000000 	-14.000000	59.252508	-154.162880	417.489586	-0.040775	-0.015128	0.044454	0.267534	0.214173	0.393876	-0.123249	-0.014479	-0.004155	0.060339	0.195640	0.188628	0.445789
2021-07-29 06:15:34.000000 	-13.000000	59.252508	-154.162880	417.489586	-0.016883	-0.005267	0.000382	0.359508	0.287812	0.529295	-0.201264	-0.014837	-0.002618	0.009270	0.262902	0.253478	0.599055
2021-07-29 06:15:35.000000 	-12.000000	59.252508	-154.162880	417.489586	-0.042347	-0.018261	0.032345	0.318699	0.255150	0.469221	-0.156750	-0.023059	-0.002020	0.051353	0.233062	0.224707	0.531063
2021-07-29 06:15:36.000000 	-11.000000	59.252508	-154.162880	417.489586	-0.019419	-0.006443	-0.003450	0.317982	0.254585	0.468175	-0.178002	-0.019198	-0.002664	0.007407	0.232542	0.224204	0.529878
2021-07-29 06:15:37.000000 	-10.000000	59.252508	-154.162880	417.489586	-0.049580	-0.019218	0.035401	0.274353	0.219661	0.403945	-0.127585	-0.027450	-0.004310	0.057521	0.200638	0.193444	0.457182
2021-07-29 06:15:38.000000 	-9.000000	59.252508	-154.162880	417.489586	-0.023659	-0.001846	0.010432	0.303705	0.243170	0.447170	-0.163726	-0.013659	-0.008649	0.020263	0.222107	0.214142	0.506104
2021-07-29 06:15:39.000000 	-8.000000	59.252508	-154.162880	417.489586	-0.030613	-0.024472	0.016641	0.354870	0.284147	0.522514	-0.186357	-0.024338	0.008684	0.033841	0.259529	0.250221	0.591377
2021-07-29 06:15:40.000000 	-7.000000	59.252508	-154.162880	417.489586	-0.041590	-0.018804	0.046677	0.332651	0.266365	0.489808	-0.159357	-0.015349	-0.001201	0.063443	0.243284	0.234557	0.554359
2021-07-29 06:15:41.000000 	-6.000000	59.252508	-154.162880	417.489586	-0.033046	-0.003866	0.001904	0.294401	0.235745	0.433494	-0.158582	-0.026036	-0.010923	0.017704	0.215313	0.207589	0.490624
2021-07-29 06:15:42.000000 	-5.000000	59.252508	-154.162880	417.489586	-0.029052	-0.012965	0.023412	0.240219	0.192364	0.353720	-0.119478	-0.015359	-0.000993	0.036378	0.175689	0.169386	0.400336
2021-07-29 06:15:43.000000 	-4.000000	59.252508	-154.162880	417.489586	-0.033595	-0.013072	0.017674	0.372199	0.298063	0.548070	-0.196398	-0.021846	-0.002876	0.033561	0.272220	0.262452	0.620298
2021-07-29 06:15:44.000000 	-3.000000	59.252508	-154.162880	417.489586	-0.032924	-0.007197	0.026565	0.310655	0.248785	0.457453	-0.158296	-0.014581	-0.007871	0.039585	0.227211	0.219057	0.517738
2021-07-29 06:15:45.000000 	-2.000000	59.252508	-154.162880	417.489586	-0.031313	-0.018086	0.007560	0.338581	0.271159	0.498585	-0.180990	-0.027130	0.002632	0.024936	0.247640	0.238752	0.564291
2021-07-29 06:15:46.000000 	-1.000000	59.252508	-154.162880	417.489586	-0.024824	-0.009069	0.009144	0.315212	0.252452	0.464181	-0.169824	-0.017923	-0.002656	0.021302	0.230551	0.222276	0.525351
2021-07-29 06:15:47.000000 	0.000000	59.252508	-154.162880	417.489586	-0.033459	-0.007058	0.036470	0.343112	0.274806	0.505275	-0.172953	-0.009879	-0.008229	0.048312	0.250961	0.241952	0.571860
2021-07-29 06:15:48.000000 	1.000000	59.252508	-154.162880	417.489586	-0.039134	-0.025960	0.004076	0.272093	0.217933	0.400699	-0.140434	-0.037910	0.006309	0.027295	0.199019	0.191874	0.453503
2021-07-29 06:15:49.000000 	2.000000	59.252508	-154.162880	417.489586	-0.028490	-0.006237	0.038530	0.363101	0.290836	0.534731	-0.185105	-0.004675	-0.006802	0.047614	0.265590	0.256054	0.605197
2021-07-29 06:15:50.000000 	3.000000	59.252508	-154.162880	417.489586	-0.019983	-0.017895	0.004848	0.286351	0.229368	0.421710	-0.155233	-0.019682	0.007398	0.017349	0.209454	0.201933	0.477282
2021-07-29 06:15:51.000000 	4.000000	59.252508	-154.162880	417.489586	-0.045621	-0.011663	0.036487	0.322681	0.258478	0.475223	-0.157167	-0.021003	-0.009385	0.054949	0.236032	0.227556	0.537846
2021-07-29 06:15:52.000000 	5.000000	59.252508	-154.162880	417.489586	-0.026143	-0.013810	0.007832	0.306722	0.245702	0.451726	-0.164552	-0.021391	0.001036	0.021838	0.224362	0.216303	0.511253
2021-07-29 06:15:53.000000 	6.000000	59.252508	-154.162880	417.489586	-0.041473	-0.009445	0.023946	0.315640	0.252855	0.464870	-0.159426	-0.023375	-0.009573	0.041769	0.230889	0.222596	0.526127
2021-07-29 06:15:54.000000 	7.000000	59.252508	-154.162880	417.489586	-0.022879	-0.018540	0.022769	0.357522	0.286416	0.526562	-0.188425	-0.013001	0.006716	0.034227	0.261529	0.252134	0.595948
2021-07-29 06:15:55.000000 	8.000000	59.252508	-154.162880	417.489586	-0.029641	-0.006823	0.012836	0.300544	0.240778	0.442652	-0.158800	-0.018921	-0.006777	0.026191	0.219853	0.211954	0.500981
2021-07-29 06:15:56.000000 	9.000000	59.252508	-154.162880	417.489586	-0.033047	-0.009241	0.013378	0.289564	0.231989	0.426487	-0.151003	-0.022184	-0.006085	0.028763	0.211824	0.204213	0.482685
2021-07-29 06:15:57.000000 	10.000000	59.252508	-154.162880	417.489586	-0.041505	-0.025904	0.038652	0.325355	0.260674	0.479212	-0.157560	-0.022047	0.005226	0.058089	0.238011	0.229458	0.542357
2021-07-29 06:15:58.000000 	11.000000	59.252508	-154.162880	417.489586	-0.015952	-0.009298	-0.007735	0.328623	0.263301	0.484034	-0.186475	-0.019777	0.001417	0.002765	0.240405	0.231765	0.547814
2021-07-29 06:15:59.000000 	12.000000	59.252508	-154.162880	417.489586	-0.055688	-0.017101	0.060769	0.315610	0.252883	0.464875	-0.139919	-0.018413	-0.008878	0.081661	0.230889	0.222590	0.526129
2021-07-29 06:16:00.000000 	13.000000	59.252508	-154.162880	417.489586	-0.022529	-0.004209	-0.008128	0.364462	0.292035	0.536840	-0.205889	-0.023159	-0.006030	0.004320	0.266631	0.257046	0.607576
2021-07-29 06:16:01.000000 	14.000000	59.252508	-154.162880	417.489586	-0.032870	-0.017251	0.043018	0.276681	0.221706	0.407550	-0.131227	-0.009894	0.001201	0.055940	0.202417	0.195139	0.461250
2021-07-29 06:16:02.000000 	15.000000	59.252508	-154.162880	417.489586	-0.040522	-0.014028	0.013859	0.319774	0.256246	0.471034	-0.165482	-0.029513	-0.005035	0.033683	0.233947	0.225535	0.533098
2021-07-29 06:16:03.000000 	16.000000	59.252508	-154.162880	417.489586	-0.015017	-0.009528	0.005685	0.299841	0.240281	0.441680	-0.165069	-0.012278	0.002031	0.013919	0.219367	0.211479	0.499876
2021-07-29 06:16:04.000000 	17.000000	59.252508	-154.162880	417.489586	-0.043489	-0.019177	0.029651	0.324599	0.260129	0.478157	-0.160817	-0.025663	-0.001693	0.049767	0.237484	0.228943	0.541158
2021-07-29 06:16:05.000000 	18.000000	59.252508	-154.162880	417.489586	-0.019979	-0.007413	0.012933	0.269852	0.216264	0.397519	-0.143860	-0.011619	-0.002035	0.021960	0.197433	0.190332	0.449895
2021-07-29 06:16:06.000000 	19.000000	59.252508	-154.162880	417.489586	-0.032596	-0.000886	0.010269	0.336589	0.269757	0.495837	-0.180237	-0.020295	-0.013409	0.024022	0.246264	0.237406	0.561167
2021-07-29 06:16:07.000000 	20.000000	59.252508	-154.162880	417.489586	-0.034159	-0.024954	0.019721	0.295234	0.236622	0.434924	-0.149753	-0.025686	0.007573	0.038227	0.216011	0.208239	0.492227
2021-07-29 06:16:08.000000 	21.000000	59.252508	-154.162880	417.489586	-0.035201	-0.009264	0.032457	0.360516	0.288953	0.531103	-0.183915	-0.014104	-0.007003	0.046157	0.263779	0.254288	0.601077
2021-07-29 06:16:09.000000 	22.000000	59.252508	-154.162880	417.489586	-0.035583	-0.016926	0.024737	0.280285	0.224655	0.412915	-0.139758	-0.021217	-0.000273	0.041404	0.205079	0.197700	0.467318
2021-07-29 06:16:10.000000 	23.000000	59.252508	-154.162880	417.489586	-0.027227	-0.007201	0.004226	0.342075	0.274191	0.503953	-0.186707	-0.021597	-0.005385	0.017765	0.250294	0.241287	0.570349
2021-07-29 06:16:11.000000 	24.000000	59.252508	-154.162880	417.489586	-0.037967	-0.022450	0.041550	0.285255	0.228655	0.420252	-0.134735	-0.016534	0.003660	0.058182	0.208723	0.201210	0.475620
2021-07-29 06:16:12.000000 	25.000000	59.252508	-154.162880	417.489586	-0.017063	-0.006172	-0.015681	0.292764	0.234682	0.431322	-0.168818	-0.023527	-0.001882	-0.004250	0.214221	0.206510	0.488148
2021-07-29 06:16:13.000000 	26.000000	59.252508	-154.162880	417.489586	-0.049422	-0.014909	0.034709	0.329302	0.263981	0.485162	-0.160249	-0.026068	-0.008120	0.055893	0.240961	0.232286	0.549080
2021-07-29 06:16:14.000000 	27.000000	59.252508	-154.162880	417.489586	-0.022820	-0.018306	0.019475	0.316620	0.253823	0.466485	-0.166263	-0.014552	0.006531	0.031317	0.231684	0.223343	0.527942
2021-07-29 06:16:15.000000 	28.000000	59.252508	-154.162880	417.489586	-0.032282	-0.010170	0.031866	0.305586	0.244986	0.450237	-0.153269	-0.012488	-0.004916	0.044507	0.223615	0.215563	0.509553
2021-07-29 06:16:16.000000 	29.000000	59.252508	-154.162880	417.489586	-0.031790	-0.010315	0.016694	0.310264	0.248745	0.457137	-0.161991	-0.019919	-0.004570	0.031274	0.227041	0.218865	0.517361
2021-07-29 06:16:17.000000 	30.000000	59.252508	-154.162880	417.489586	-0.035915	-0.026228	0.013689	0.326692	0.261925	0.481350	-0.169541	-0.030606	0.007953	0.034135	0.239067	0.230456	0.544763
2021-07-29 06:16:18.000000 	31.000000	59.252508	-154.162880	417.489586	-0.022887	0.007657	0.033799	0.353354	0.283311	0.520643	-0.184138	0.002445	-0.016866	0.037873	0.258582	0.249268	0.589232
2021-07-29 06:16:19.000000 	32.000000	59.252508	-154.162880	417.489586	-0.048843	-0.025120	0.025165	0.278699	0.223462	0.410652	-0.133598	-0.034325	0.001323	0.049700	0.203954	0.196606	0.464750
2021-07-29 06:16:20.000000 	33.000000	59.252508	-154.162880	417.489586	-0.026496	-0.000804	0.026807	0.334696	0.268370	0.493168	-0.174546	-0.007091	-0.010824	0.035409	0.244936	0.236112	0.558136
2021-07-29 06:16:21.000000 	34.000000	59.252508	-154.162880	417.489586	-0.034061	-0.029652	0.022227	0.286137	0.229441	0.421625	-0.142971	-0.026089	0.011844	0.041382	0.209403	0.201858	0.477167
2021-07-29 06:16:22.000000 	35.000000	59.252508	-154.162880	417.489586	-0.035024	0.004206	0.030371	0.305620	0.245073	0.450342	-0.154302	-0.009989	-0.019050	0.041281	0.223666	0.215606	0.509666
2021-07-29 06:16:23.000000 	36.000000	59.252508	-154.162880	417.489586	-0.021417	-0.018902	0.016643	0.343620	0.275554	0.506345	-0.183249	-0.015137	0.007679	0.028370	0.251480	0.242417	0.573046
2021-07-29 06:16:24.000000 	37.000000	59.252508	-154.162880	417.489586	-0.046706	-0.002607	0.029890	0.303325	0.243249	0.446974	-0.149069	-0.021822	-0.018009	0.047761	0.221994	0.213992	0.505854
2021-07-29 06:16:25.000000 	38.000000	59.252508	-154.162880	417.489586	-0.020914	-0.029023	0.007223	0.325900	0.261363	0.480250	-0.175486	-0.023355	0.017007	0.022298	0.238520	0.229922	0.543512
2021-07-29 06:16:26.000000 	39.000000	59.252508	-154.162880	417.489586	-0.041362	-0.000496	0.041177	0.269329	0.216001	0.396892	-0.126801	-0.011128	-0.017580	0.054532	0.197120	0.190013	0.449173
2021-07-29 06:16:27.000000 	40.000000	59.252508	-154.162880	417.489586	-0.014029	-0.009609	-0.002718	0.399156	0.320134	0.588220	-0.225736	-0.015840	0.002535	0.006260	0.292144	0.281610	0.665703
2021-07-29 06:16:28.000000 	41.000000	59.252508	-154.162880	417.489586	-0.045443	-0.017560	0.044770	0.251069	0.201371	0.369997	-0.112030	-0.018839	-0.004000	0.063299	0.183762	0.177135	0.418734
2021-07-29 06:16:29.000000 	42.000000	59.252508	-154.162880	417.489586	-0.031082	-0.006312	0.008477	0.335140	0.268810	0.493899	-0.180100	-0.022073	-0.007865	0.022994	0.245299	0.236452	0.558956
2021-07-29 06:16:30.000000 	43.000000	59.252508	-154.162880	417.489586	-0.035221	-0.014166	0.024773	0.289434	0.232159	0.426550	-0.145487	-0.019885	-0.002600	0.040653	0.211850	0.204208	0.482735
2021-07-29 06:16:31.000000 	44.000000	59.252508	-154.162880	417.489586	-0.024529	-0.011650	0.007186	0.304825	0.244513	0.449240	-0.164508	-0.019663	-0.000204	0.020059	0.223119	0.215070	0.508413
2021-07-29 06:16:32.000000 	45.000000	59.252508	-154.162880	417.489586	-0.034714	-0.001854	0.026435	0.344368	0.276241	0.507525	-0.177847	-0.014031	-0.013460	0.039106	0.252067	0.242973	0.574375
2021-07-29 06:16:33.000000 	46.000000	59.252508	-154.162880	417.489586	-0.036777	-0.020982	0.028514	0.283107	0.227108	0.417246	-0.139163	-0.021729	0.002857	0.046104	0.207230	0.199752	0.472204
2021-07-29 06:16:34.000000 	47.000000	59.252508	-154.162880	417.489586	-0.034208	-0.009409	0.034723	0.345059	0.276815	0.508560	-0.174463	-0.012232	-0.006440	0.047679	0.252582	0.243467	0.575545
2021-07-29 06:16:35.000000 	48.000000	59.252508	-154.162880	417.489586	-0.030022	-0.018605	0.005441	0.318675	0.255658	0.469682	-0.170751	-0.027409	0.003661	0.022637	0.233273	0.224854	0.531545
2021-07-29 06:16:36.000000 	49.000000	59.252508	-154.162880	417.489586	-0.044714	-0.013634	0.047110	0.338772	0.271790	0.499311	-0.162485	-0.015608	-0.007216	0.064100	0.247989	0.239038	0.565076
2021-07-29 06:16:37.000000 	50.000000	59.252508	-154.162880	417.489586	-0.026004	-0.006203	0.010713	0.303585	0.243569	0.447457	-0.162597	-0.016961	-0.005750	0.022555	0.222235	0.214213	0.506392
2021-07-29 06:16:38.000000 	51.000000	59.252508	-154.162880	417.489586	-0.037418	-0.020551	0.041865	0.327711	0.262935	0.483025	-0.159574	-0.015237	0.002189	0.057777	0.239900	0.231239	0.546643
2021-07-29 06:16:39.000000 	52.000000	59.252508	-154.162880	417.489586	-0.028063	-0.004227	0.000996	0.347049	0.278460	0.511536	-0.190916	-0.022781	-0.008426	0.014711	0.254061	0.244888	0.578909
2021-07-29 06:16:40.000000 	53.000000	59.252508	-154.162880	417.489586	-0.018839	-0.011123	0.011106	0.266074	0.213496	0.392189	-0.142397	-0.013061	0.001801	0.020692	0.194786	0.187752	0.443843
2021-07-29 06:16:41.000000 	54.000000	59.252508	-154.162880	417.489586	-0.038900	-0.023631	0.034692	0.298362	0.239413	0.439789	-0.144661	-0.021205	0.004316	0.052980	0.218427	0.210539	0.497710
2021-07-29 06:16:42.000000 	55.000000	59.252508	-154.162880	417.489586	-0.042745	-0.004248	0.029298	0.364310	0.292341	0.537005	-0.185675	-0.019676	-0.014806	0.045795	0.266711	0.257078	0.607729
2021-07-29 06:16:43.000000 	56.000000	59.252508	-154.162880	417.489586	-0.027201	-0.016936	0.020654	0.317791	0.255020	0.468442	-0.165490	-0.016825	0.003388	0.034041	0.232659	0.224254	0.530136
2021-07-29 06:16:44.000000 	57.000000	59.252508	-154.162880	417.489586	-0.037533	-0.009641	0.014214	0.326454	0.261982	0.481221	-0.170689	-0.025377	-0.007680	0.031635	0.239006	0.230371	0.544597
2021-07-29 06:16:45.000000 	58.000000	59.252508	-154.162880	417.489586	-0.043306	-0.016022	0.035651	0.304141	0.244084	0.448337	-0.147183	-0.021272	-0.004453	0.054137	0.222674	0.214629	0.507381
2021-07-29 06:16:46.000000 	59.000000	59.252508	-154.162880	417.489586	-0.018215	-0.012810	0.008704	0.287594	0.230812	0.423951	-0.155713	-0.014438	0.003591	0.018716	0.210563	0.202954	0.479783
2021-07-29 06:16:47.000000 	60.000000	59.252508	-154.162880	417.489586	-0.031984	-0.009294	0.022168	0.323491	0.259631	0.476876	-0.167637	-0.016888	-0.005574	0.035840	0.236849	0.228290	0.539677
2021-07-29 06:16:48.000000 	61.000000	59.252508	-154.162880	417.489586	-0.041322	-0.011975	0.038613	0.331789	0.266301	0.489116	-0.163006	-0.016707	-0.007230	0.054868	0.242929	0.234149	0.553529
2021-07-29 06:16:49.000000 	62.000000	59.252508	-154.162880	417.489586	-0.020357	-0.008932	0.008047	0.335345	0.269164	0.494367	-0.183283	-0.014978	-0.000833	0.018273	0.245537	0.236661	0.559470
2021-07-29 06:16:50.000000 	63.000000	59.252508	-154.162880	417.489586	-0.034731	-0.012639	0.023621	0.374774	0.300822	0.552502	-0.195507	-0.019522	-0.003761	0.039098	0.274412	0.264491	0.625260
2021-07-29 06:16:51.000000 	64.000000	59.252508	-154.162880	417.489586	-0.046062	-0.014473	0.031554	0.264597	0.212393	0.390082	-0.125190	-0.024918	-0.007048	0.051539	0.193743	0.186738	0.441451
2021-07-29 06:16:52.000000 	65.000000	59.252508	-154.162880	417.489586	-0.034921	-0.017497	0.021510	0.314195	0.252215	0.463210	-0.160813	-0.022569	0.000529	0.038454	0.230064	0.221745	0.524208
2021-07-29 06:16:53.000000 	66.000000	59.252508	-154.162880	417.489586	-0.024406	-0.015756	0.014333	0.317916	0.255211	0.468704	-0.168957	-0.017452	0.003545	0.027059	0.232793	0.224374	0.530425
2021-07-29 06:16:54.000000 	67.000000	59.252508	-154.162880	417.489586	-0.030438	-0.006810	0.018124	0.353028	0.283408	0.520478	-0.186934	-0.016829	-0.007136	0.031099	0.258509	0.249158	0.589015
2021-07-29 06:16:55.000000 	68.000000	59.252508	-154.162880	417.489586	-0.036764	-0.020943	0.034213	0.265620	0.213245	0.391617	-0.126905	-0.018790	0.002828	0.050987	0.194507	0.187471	0.443185
2021-07-29 06:16:56.000000 	69.000000	59.252508	-154.162880	417.489586	-0.035547	-0.006644	0.019216	0.365629	0.293545	0.539074	-0.192304	-0.020160	-0.009511	0.034352	0.267747	0.258060	0.610059
2021-07-29 06:16:57.000000 	70.000000	59.252508	-154.162880	417.489586	-0.033621	-0.013995	0.039403	0.262210	0.210523	0.386602	-0.124585	-0.011103	-0.002056	0.052453	0.192017	0.185070	0.437509
2021-07-29 06:16:58.000000 	71.000000	59.252508	-154.162880	417.489586	-0.033588	-0.008273	0.016506	0.351113	0.281911	0.517689	-0.185404	-0.020641	-0.007192	0.031485	0.257126	0.247821	0.585855
2021-07-29 06:16:59.000000 	72.000000	59.252508	-154.162880	417.489586	-0.034693	-0.020507	0.030533	0.266906	0.214308	0.393539	-0.129756	-0.018906	0.003337	0.046774	0.195464	0.188390	0.445357
2021-07-29 06:17:00.000000 	73.000000	59.252508	-154.162880	417.489586	-0.031863	-0.010800	0.007663	0.363549	0.291917	0.536043	-0.196200	-0.024774	-0.004166	0.023654	0.266243	0.256607	0.606624
2021-07-29 06:17:01.000000 	74.000000	59.252508	-154.162880	417.489586	-0.021399	-0.020934	0.004137	0.454732	0.356636	0.825703	0.244063	-0.022279	0.009515	0.018067	0.363459	0.342426	0.875441
2021-07-29 06:17:02.000000 	75.000000	59.252508	-154.162880	417.489586	-0.016000	-0.013202	-0.020562	0.367110	0.287904	0.666678	-0.196040	-0.027834	0.004909	-0.007368	0.293428	0.276439	0.706823
2021-07-29 06:17:03.000000 	76.000000	59.252508	-154.162880	417.489586	-0.028666	-0.022561	0.012332	0.320042	0.250981	0.581270	-0.152669	-0.024319	0.007813	0.028816	0.255811	0.240991	0.616261
2021-07-29 06:17:04.000000 	77.000000	59.252508	-154.162880	417.489586	-0.022639	-0.008715	-0.009249	0.356283	0.279391	0.647170	-0.183538	-0.025505	-0.002023	0.004410	0.284783	0.268276	0.686114
2021-07-29 06:17:05.000000 	78.000000	59.252508	-154.162880	417.489586	-0.030854	-0.020959	-0.001614	0.380049	0.298015	0.690421	-0.189770	-0.032542	0.005418	0.017480	0.303784	0.286166	0.731953
2021-07-29 06:17:06.000000 	79.000000	59.252508	-154.162880	417.489586	-0.013682	-0.019875	-0.012846	0.369021	0.289355	0.670465	-0.193941	-0.024596	0.011925	-0.000316	0.294974	0.277856	0.710784
2021-07-29 06:17:07.000000 	80.000000	59.252508	-154.162880	417.489586	-0.027570	-0.015573	-0.002845	0.341024	0.267392	0.619671	-0.171041	-0.028613	0.002001	0.013711	0.272599	0.256771	0.656922
2021-07-29 06:17:08.000000 	81.000000	59.252508	-154.162880	417.489586	-0.014000	-0.017469	-0.016993	0.367978	0.288514	0.668729	-0.195256	-0.026060	0.009622	-0.004270	0.294149	0.277060	0.708915
2021-07-29 06:17:09.000000 	82.000000	59.252508	-154.162880	417.489586	-0.034573	-0.013084	0.002729	0.330874	0.259411	0.601369	-0.161198	-0.030249	-0.003291	0.021170	0.264493	0.249118	0.637495
2021-07-29 06:17:10.000000 	83.000000	59.252508	-154.162880	417.489586	-0.037369	-0.029740	0.013090	0.335553	0.263069	0.609946	-0.157482	-0.033352	0.010481	0.035072	0.268237	0.252637	0.646575
2021-07-29 06:17:11.000000 	84.000000	59.252508	-154.162880	417.489586	-0.007970	-0.012294	-0.017125	0.356426	0.279423	0.647965	-0.191089	-0.019525	0.007591	-0.008311	0.284928	0.268347	0.686864
2021-07-29 06:17:12.000000 	85.000000	59.252508	-154.162880	417.489586	-0.036875	-0.013608	0.014260	0.394172	0.309001	0.716669	-0.188435	-0.026330	-0.003823	0.032256	0.315106	0.296759	0.759677
2021-07-29 06:17:13.000000 	86.000000	59.252508	-154.162880	417.489586	-0.019194	-0.015368	-0.009539	0.318228	0.249457	0.578660	-0.164505	-0.025480	0.005467	0.004058	0.254400	0.239579	0.613374
2021-07-29 06:17:14.000000 	87.000000	59.252508	-154.162880	417.489586	-0.029370	-0.020766	-0.015193	0.379506	0.297480	0.690168	-0.195878	-0.038263	0.005891	0.005085	0.303392	0.285707	0.731557
2021-07-29 06:17:15.000000 	88.000000	59.252508	-154.162880	417.489586	-0.017799	-0.018674	-0.002093	0.293517	0.230067	0.533852	-0.148491	-0.021832	0.009050	0.010553	0.234653	0.220967	0.565856
2021-07-29 06:17:16.000000 	89.000000	59.252508	-154.162880	417.489586	-0.016259	-0.020392	-0.012689	0.321237	0.251784	0.584337	-0.168087	-0.026702	0.011267	0.001120	0.256817	0.241830	0.619355
2021-07-29 06:17:17.000000 	90.000000	59.252508	-154.162880	417.489586	-0.034521	-0.011376	0.005194	0.372551	0.291992	0.677759	-0.181908	-0.028308	-0.004806	0.022883	0.297846	0.280455	0.718362
2021-07-29 06:17:18.000000 	91.000000	59.252508	-154.162880	417.489586	-0.032692	-0.020939	-0.005052	0.386571	0.302968	0.703347	-0.194050	-0.035713	0.004599	0.015367	0.309059	0.291003	0.745469
2021-07-29 06:17:19.000000 	92.000000	59.252508	-154.162880	417.489586	-0.020708	-0.019064	-0.009434	0.291341	0.228323	0.530143	-0.149763	-0.027982	0.008134	0.005669	0.232927	0.219311	0.561881
2021-07-29 06:17:20.000000 	93.000000	59.252508	-154.162880	417.489586	-0.024799	-0.015930	0.012521	0.388789	0.304681	0.707549	-0.189706	-0.018748	0.003530	0.025721	0.310842	0.292661	0.749894
2021-07-29 06:17:21.000000 	94.000000	59.252508	-154.162880	417.489586	-0.027897	-0.015019	-0.007140	2.049940	1.647276	3.023590	-1.173081	-0.030855	0.001360	0.010047	1.501878	1.447380	3.421596
2021-07-29 06:17:22.000000 	95.000000	59.252508	-154.162880	417.489586	-0.045535	-0.013064	0.052546	0.230623	0.185329	0.340166	-0.097597	-0.013251	-0.008087	0.069023	0.168968	0.162836	0.384943
2021-07-29 06:17:23.000000 	96.000000	59.252508	-154.162880	417.489586	-0.032625	-0.010873	0.015451	0.306676	0.246454	0.452351	-0.160275	-0.021409	-0.004432	0.030714	0.224694	0.216538	0.511894
2021-07-29 06:17:24.000000 	97.000000	59.252508	-154.162880	417.489586	-0.038696	-0.017256	0.027601	0.254001	0.204131	0.374661	-0.122657	-0.022284	-0.001333	0.045371	0.186104	0.179348	0.423977
2021-07-29 06:17:25.000000 	98.000000	59.252508	-154.162880	417.489586	-0.036331	-0.002541	0.036679	0.311308	0.250195	0.459197	-0.154368	-0.010302	-0.013547	0.048807	0.228097	0.219816	0.519640
2021-07-29 06:17:26.000000 	99.000000	59.252508	-154.162880	417.489586	-0.033279	-0.017039	0.005825	0.239431	0.192436	0.353181	-0.124092	-0.029146	0.000832	0.024116	0.175436	0.169066	0.399668
2021-07-29 06:17:27.000000 	100.000000	59.252508	-154.162880	417.489586	-0.033135	-0.007101	0.055152	0.323857	0.260299	0.477722	-0.154672	-0.000094	-0.008049	0.064228	0.237301	0.228684	0.540601
2021-07-29 06:17:28.000000 	101.000000	59.252508	-154.162880	417.489586	-0.032318	-0.010019	0.000116	0.274489	0.220628	0.404906	-0.147601	-0.028692	-0.005067	0.017203	0.201131	0.193827	0.458200
2021-07-29 06:17:29.000000 	102.000000	59.252508	-154.162880	417.489586	-0.045465	-0.012015	0.055222	0.298274	0.239754	0.439998	-0.135909	-0.011436	-0.009000	0.071057	0.218564	0.210625	0.497910
2021-07-29 06:17:30.000000 	103.000000	59.252508	-154.162880	417.489586	-0.034237	-0.012680	0.015322	0.313378	0.251905	0.462287	-0.163545	-0.023399	-0.003508	0.031748	0.229637	0.221295	0.523132
2021-07-29 06:17:31.000000 	104.000000	59.252508	-154.162880	417.489586	-0.032465	-0.018136	0.025945	0.371173	0.298373	0.547552	-0.192741	-0.018641	0.002174	0.041277	0.271993	0.262111	0.619619
2021-07-29 06:17:32.000000 	105.000000	59.252508	-154.162880	417.489586	-0.047743	-0.012273	0.036490	0.219105	0.176138	0.323228	-0.096619	-0.022871	-0.009761	0.056064	0.160562	0.154728	0.365769
2021-07-29 06:17:33.000000 	106.000000	59.252508	-154.162880	417.489586	-0.021730	-0.006831	0.030547	0.340839	0.274009	0.502819	-0.177596	-0.003750	-0.003323	0.037774	0.249774	0.240698	0.568995
2021-07-29 06:17:34.000000 	107.000000	59.252508	-154.162880	417.489586	-0.031642	-0.018118	0.004415	0.318831	0.256326	0.470360	-0.170973	-0.029005	0.002517	0.022391	0.233652	0.225160	0.532264
2021-07-29 06:17:35.000000 	108.000000	59.252508	-154.162880	417.489586	-0.045250	-0.016589	0.050675	0.265765	0.213671	0.392080	-0.118535	-0.015307	-0.004790	0.068070	0.194767	0.187688	0.443680
2021-07-29 06:17:36.000000 	109.000000	59.252508	-154.162880	417.489586	-0.019401	-0.006025	0.019279	0.310760	0.249855	0.458467	-0.165466	-0.007407	-0.003032	0.026839	0.227746	0.219467	0.518804
2021-07-29 06:17:37.000000 	110.000000	59.252508	-154.162880	417.489586	-0.034735	-0.022054	0.019932	0.323709	0.260276	0.477578	-0.166573	-0.024938	0.004712	0.038027	0.237241	0.228616	0.540429
2021-07-29 06:17:38.000000 	111.000000	59.252508	-154.162880	417.489586	-0.034310	-0.013273	0.050372	0.304559	0.244887	0.449332	-0.144621	-0.005758	-0.003006	0.062037	0.223211	0.215095	0.508465
2021-07-29 06:17:39.000000 	112.000000	59.252508	-154.162880	417.489586	-0.030358	-0.010778	0.016011	0.319976	0.257293	0.472085	-0.168468	-0.019334	-0.003530	0.030131	0.234515	0.225987	0.534211
2021-07-29 06:17:40.000000 	113.000000	59.252508	-154.162880	417.489586	-0.029040	-0.005489	0.015149	0.320301	0.257564	0.472571	-0.169896	-0.016774	-0.007715	0.027606	0.234758	0.226220	0.534760
2021-07-29 06:17:41.000000 	114.000000	59.252508	-154.162880	417.489586	-0.044340	-0.017728	0.051325	0.298477	0.240024	0.440379	-0.137405	-0.014697	-0.003368	0.068463	0.218767	0.210810	0.498331
2021-07-29 06:17:42.000000 	115.000000	59.252508	-154.162880	417.489586	-0.022143	-0.009388	0.004721	0.378704	0.304550	0.558756	-0.209158	-0.018230	-0.001201	0.016338	0.277575	0.267477	0.632284
2021-07-29 06:17:43.000000 	116.000000	59.252508	-154.162880	417.489586	-0.037055	-0.018088	0.048540	0.264166	0.212447	0.389767	-0.120744	-0.010622	0.000131	0.062797	0.193627	0.186582	0.441057
2021-07-29 06:17:44.000000 	117.000000	59.252508	-154.162880	417.489586	-0.021884	-0.013406	0.020637	1.041310	0.837473	1.536440	0.614054	-0.011398	0.002529	0.030793	0.763271	0.735497	1.738620
2021-07-29 06:17:45.000000 	118.000000	59.252508	-154.162880	417.489586	-0.037556	-0.014984	0.017427	1.664043	1.338356	2.455312	-0.939398	-0.025753	-0.002881	0.035597	1.219754	1.175365	2.778401
2021-07-29 06:17:46.000000 	119.000000	59.252508	-154.162880	417.489586	-0.032438	-0.006407	0.043342	1.013636	0.815277	1.495654	0.608994	-0.005332	-0.008370	0.053603	0.743018	0.715974	1.692460
2021-07-29 06:17:47.000000 	120.000000	59.252508	-154.162880	417.489586	-0.037360	-0.019990	0.007869	0.377347	0.303515	0.556796	-0.201615	-0.032363	0.001710	0.028408	0.276609	0.266540	0.630061
2021-07-29 06:17:48.000000 	121.000000	59.252508	-154.162880	417.489586	-0.022168	-0.022592	0.006068	0.279033	0.218422	0.509483	-0.135574	-0.022507	0.010673	0.020449	0.223194	0.209933	0.539679
2021-07-29 06:17:49.000000 	122.000000	59.252508	-154.162880	417.489586	-0.021474	-0.008856	-0.021972	0.419338	0.328238	0.765754	-0.222037	-0.031161	-0.001388	-0.007029	0.335428	0.315487	0.811122
2021-07-29 06:17:50.000000 	123.000000	59.252508	-154.162880	417.489586	-0.026407	-0.025890	0.013553	0.311048	0.243464	0.568072	-0.147510	-0.023194	0.011794	0.029568	0.248811	0.234011	0.601717
2021-07-29 06:17:51.000000 	124.000000	59.252508	-154.162880	417.489586	-0.026207	-0.018402	-0.022744	0.334734	0.261993	0.611402	-0.176478	-0.038792	0.005141	-0.003387	0.267763	0.251826	0.647601
2021-07-29 06:17:52.000000 	125.000000	59.252508	-154.162880	417.489586	-0.024145	-0.013022	-0.001973	0.356223	0.278801	0.650728	-0.179287	-0.024563	0.001197	0.012316	0.284957	0.267988	0.689242
2021-07-29 06:17:53.000000 	126.000000	59.252508	-154.162880	417.489586	-0.025254	-0.012662	0.027714	0.359987	0.281735	0.657681	-0.167377	-0.010108	0.000390	0.038260	0.287973	0.270814	0.696592
2021-07-29 06:17:54.000000 	127.000000	59.252508	-154.162880	417.489586	-0.028086	-0.024861	-0.023611	0.394229	0.308522	0.720325	-0.207141	-0.043108	0.010136	-0.001829	0.315371	0.296569	0.762928
2021-07-29 06:17:55.000000 	128.000000	59.252508	-154.162880	417.489586	-0.020104	-0.009100	-0.014030	0.284418	0.222575	0.519742	-0.148464	-0.026132	-0.000572	-0.000779	0.227529	0.213957	0.550470
2021-07-29 06:17:56.000000 	129.000000	59.252508	-154.162880	417.489586	-0.034571	-0.019021	0.008504	0.392095	0.306828	0.716594	-0.190029	-0.029518	0.002053	0.027454	0.313675	0.294953	0.758946
2021-07-29 06:17:57.000000 	130.000000	59.252508	-154.162880	417.489586	-0.030839	-0.022614	-0.010385	0.364162	0.284958	0.665621	-0.184827	-0.037633	0.006913	0.010304	0.291334	0.273936	0.704947
2021-07-29 06:17:58.000000 	131.000000	59.252508	-154.162880	417.489586	-0.016526	-0.010237	0.004735	0.389588	0.304842	0.712179	-0.195758	-0.014197	0.002011	0.013955	0.311681	0.293057	0.754241
2021-07-29 06:17:59.000000 	132.000000	59.252508	-154.162880	417.489586	-0.033340	-0.024595	-0.032035	0.327278	0.256076	0.598345	-0.173993	-0.051379	0.007606	-0.006710	0.261836	0.246182	0.633671
2021-07-29 06:18:00.000000 	133.000000	59.252508	-154.162880	417.489586	-0.023440	-0.012407	0.008483	0.375082	0.293468	0.685822	-0.184526	-0.018441	0.000951	0.020841	0.300086	0.282135	0.726299
2021-07-29 06:18:01.000000 	134.000000	59.252508	-154.162880	417.489586	-0.027329	-0.021915	0.004938	0.332672	0.260276	0.608348	-0.162565	-0.026823	0.007814	0.021702	0.266161	0.250230	0.644240
2021-07-29 06:18:02.000000 	135.000000	59.252508	-154.162880	417.489586	-0.020924	-0.020118	-0.018547	0.341849	0.267444	0.625203	-0.179780	-0.033203	0.008988	-0.001829	0.273507	0.257128	0.662076
2021-07-29 06:18:03.000000 	136.000000	59.252508	-154.162880	417.489586	-0.023132	-0.019596	-0.004770	0.350446	0.274160	0.641001	-0.177497	-0.027671	0.007556	0.010911	0.280391	0.263590	0.678792
2021-07-29 06:18:04.000000 	137.000000	59.252508	-154.162880	417.489586	-0.031629	-0.027269	0.000844	0.299279	0.234122	0.547476	-0.145366	-0.034248	0.010758	0.021355	0.239457	0.225100	0.579742
2021-07-29 06:18:05.000000 	138.000000	59.252508	-154.162880	417.489586	-0.018885	-0.027654	-0.008484	0.386822	0.302594	0.707703	-0.198939	-0.029303	0.016659	0.007560	0.309507	0.290940	0.749398
2021-07-29 06:18:06.000000 	139.000000	59.252508	-154.162880	417.489586	-0.025192	-0.025588	-0.008701	0.344637	0.269583	0.630597	-0.175333	-0.033519	0.012051	0.009815	0.275758	0.259207	0.667736
2021-07-29 06:18:07.000000 	140.000000	59.252508	-154.162880	417.489586	-0.023058	-0.014833	-0.009930	0.352641	0.275833	0.645318	-0.181116	-0.028468	0.003302	0.005381	0.282168	0.265222	0.683311
2021-07-29 06:18:08.000000 	141.000000	59.252508	-154.162880	417.489586	-0.023609	-0.022348	-0.004372	0.338219	0.264542	0.619000	-0.170643	-0.028868	0.009825	0.012086	0.270633	0.254371	0.655430
2021-07-29 06:18:09.000000 	142.000000	59.252508	-154.162880	417.489586	-0.031263	-0.012383	-0.010037	0.352323	0.275563	0.644888	-0.178603	-0.033952	-0.002479	0.008518	0.281924	0.264974	0.682828
2021-07-29 06:18:10.000000 	143.000000	59.252508	-154.162880	417.489586	-0.020635	-0.023730	-0.017756	0.337517	0.263972	0.617858	-0.177025	-0.033927	0.012365	-0.000478	0.270081	0.253834	0.654196
2021-07-29 06:18:11.000000 	144.000000	59.252508	-154.162880	417.489586	-0.032186	-0.030335	0.009809	0.351432	0.274844	0.643407	-0.168251	-0.031244	0.013276	0.030000	0.281221	0.264294	0.681234
2021-07-29 06:18:12.000000 	145.000000	59.252508	-154.162880	417.489586	-0.026222	-0.034952	-0.004400	0.369740	0.289152	0.677005	-0.185650	-0.035624	0.020030	0.016072	0.295878	0.278058	0.716793
2021-07-29 06:18:13.000000 	146.000000	59.252508	-154.162880	417.489586	-0.004956	-0.011894	-0.034320	0.311601	0.243675	0.570617	-0.175776	-0.025835	0.008545	-0.024565	0.249357	0.234331	0.604141
2021-07-29 06:18:14.000000 	147.000000	59.252508	-154.162880	417.489586	-0.022218	-0.030628	-0.018196	0.560473	0.438277	1.026481	-0.292656	-0.037960	0.017883	0.001409	0.448524	0.421481	1.086766
2021-07-29 06:18:15.000000 	148.000000	59.252508	-154.162880	417.489586	-0.031391	-0.017749	0.023709	1.452490	1.135771	2.660483	-0.734912	-0.018809	0.002294	0.038775	1.162392	1.092268	2.816677
2021-07-29 06:18:16.000000 	149.000000	59.252508	-154.162880	417.489586	-0.015528	-0.008078	-0.017295	0.403573	0.315561	0.739299	-0.213191	-0.023879	0.000503	-0.005919	0.322976	0.303480	0.782687
2021-07-29 06:18:17.000000 	150.000000	59.252508	-154.162880	417.489586	-0.027798	-0.005557	0.038283	0.308940	0.248772	0.456059	-0.154712	-0.004011	-0.007113	0.046930	0.226614	0.218334	0.516040
2021-07-29 06:18:18.000000 	151.000000	59.252508	-154.162880	417.489586	-0.026180	-0.020913	0.014119	0.309475	0.249212	0.456855	-0.163327	-0.020865	0.007413	0.028840	0.227012	0.218716	0.516940
2021-07-29 06:18:19.000000 	152.000000	59.252508	-154.162880	417.489586	-0.048446	-0.015361	0.058267	0.291711	0.234915	0.430637	-0.129839	-0.013438	-0.007288	0.075791	0.213986	0.206165	0.487272
2021-07-29 06:18:20.000000 	153.000000	59.252508	-154.162880	417.489586	-0.026102	-0.020529	0.011512	0.387134	0.311771	0.571513	-0.209232	-0.021994	0.007101	0.026479	0.283990	0.273610	0.646675
2021-07-29 06:18:21.000000 	154.000000	59.252508	-154.162880	417.489586	-0.019213	0.002352	0.026151	0.313675	0.252622	0.463075	-0.165361	-0.000611	-0.010490	0.030792	0.230108	0.221696	0.523975
2021-07-29 06:18:22.000000 	155.000000	59.252508	-154.162880	417.489586	-0.040990	-0.003271	0.049673	0.253752	0.204370	0.374617	-0.114567	-0.007536	-0.014920	0.062281	0.186154	0.179348	0.423882
2021-07-29 06:18:23.000000 	156.000000	59.252508	-154.162880	417.489586	-0.039360	-0.008473	0.028037	0.334610	0.269503	0.493995	-0.170006	-0.019285	-0.009528	0.044095	0.245477	0.236501	0.558959
2021-07-29 06:18:24.000000 	157.000000	59.252508	-154.162880	417.489586	-0.029001	0.000231	0.033606	0.384133	0.309401	0.567115	-0.200163	-0.005165	-0.012847	0.042175	0.281815	0.271509	0.641693
2021-07-29 06:18:25.000000 	158.000000	59.252508	-154.162880	417.489586	-0.027529	-0.026953	0.026820	0.242590	0.195403	0.358153	-0.118593	-0.017678	0.012261	0.041723	0.177978	0.171468	0.405251
2021-07-29 06:18:26.000000 	159.000000	59.252508	-154.162880	417.489586	-0.043816	-0.024170	0.025669	0.370397	0.298361	0.546851	-0.188629	-0.029822	0.002658	0.047608	0.271750	0.261810	0.618762
2021-07-29 06:18:27.000000 	160.000000	59.252508	-154.162880	417.489586	-0.033845	0.000351	0.032100	0.300627	0.242169	0.443850	-0.151178	-0.009637	-0.015066	0.043083	0.220567	0.212498	0.502215
2021-07-29 06:18:28.000000 	161.000000	59.252508	-154.162880	417.489586	-0.043846	0.016108	0.050871	0.325821	0.262474	0.481054	-0.156212	-0.001875	-0.033607	0.060307	0.239057	0.230310	0.544310
2021-07-29 06:18:29.000000 	162.000000	59.252508	-154.162880	417.489586	-0.030153	-0.018352	0.020931	0.316568	0.255029	0.467398	-0.164021	-0.019497	0.003376	0.035953	0.232273	0.223774	0.528858
2021-07-29 06:18:30.000000 	163.000000	59.252508	-154.162880	417.489586	-0.029245	0.004923	0.030607	0.266699	0.214863	0.393775	-0.133839	-0.005130	-0.017177	0.038664	0.195688	0.188526	0.445553
2021-07-29 06:18:31.000000 	164.000000	59.252508	-154.162880	417.489586	-0.046907	-0.013184	0.041047	0.302625	0.243815	0.446824	-0.143729	-0.020236	-0.008577	0.059798	0.222053	0.213925	0.505576
2021-07-29 06:18:32.000000 	165.000000	59.252508	-154.162880	417.489586	-0.035595	-0.002064	0.025027	0.324991	0.261845	0.479854	-0.167340	-0.015511	-0.013655	0.038348	0.238470	0.229740	0.542948
2021-07-29 06:18:33.000000 	166.000000	59.252508	-154.162880	417.489586	-0.041593	-0.022608	0.015349	0.322621	0.259945	0.476361	-0.165738	-0.032794	0.002221	0.037367	0.236736	0.228069	0.538995
2021-07-29 06:18:34.000000 	167.000000	59.252508	-154.162880	417.489586	-0.033376	-0.013780	0.048067	0.325518	0.262290	0.480646	-0.158080	-0.006404	-0.002143	0.059739	0.238868	0.230122	0.543843
2021-07-29 06:18:35.000000 	168.000000	59.252508	-154.162880	417.489586	-0.039537	-0.005778	0.010653	0.288132	0.232174	0.425449	-0.149948	-0.027300	-0.012030	0.028636	0.211439	0.203696	0.481387
2021-07-29 06:18:36.000000 	169.000000	59.252508	-154.162880	417.489586	-0.021094	-0.009017	0.022851	0.866263	0.698054	1.279122	0.514077	-0.008011	-0.001077	0.031355	0.635702	0.612419	1.447298
2021-07-29 06:18:37.000000 	170.000000	59.252508	-154.162880	417.489586	-0.054437	-0.019948	0.038586	0.312717	0.252004	0.461763	-0.147518	-0.029853	-0.005771	0.062656	0.229491	0.221084	0.522474
2021-07-29 06:18:38.000000 	171.000000	59.252508	-154.162880	417.489586	-0.016516	-0.008035	0.016686	1.504979	1.212839	2.222311	-0.855247	-0.007255	0.000034	0.023730	1.104473	1.064010	2.514485
2021-07-29 06:18:39.000000 	172.000000	59.252508	-154.162880	417.489586	-0.039809	0.005605	0.051758	0.916039	0.738250	1.352678	0.557189	-0.002232	-0.022395	0.061552	0.672278	0.647645	1.530515
2021-07-29 06:18:40.000000 	173.000000	59.252508	-154.162880	417.489586	-0.043174	-0.009078	0.036645	0.358483	0.288918	0.529364	-0.179337	-0.018060	-0.010645	0.053383	0.263096	0.253454	0.598959
2021-07-29 06:18:41.000000 	174.000000	59.252508	-154.162880	417.489586	-0.024035	0.000372	0.020473	0.288270	0.232339	0.425688	-0.151522	-0.007986	-0.010809	0.028572	0.211570	0.203816	0.481651
2021-07-29 06:18:42.000000 	175.000000	59.252508	-154.162880	417.489586	-0.052605	-0.022016	0.043638	0.329094	0.265252	0.485979	-0.155450	-0.026627	-0.003111	0.066616	0.241538	0.232685	0.549868
2021-07-29 06:18:43.000000 	176.000000	59.252508	-154.162880	417.489586	-0.020273	-0.012457	-0.006015	0.365132	0.285205	0.670988	-0.186442	-0.023422	0.002377	0.006935	0.292367	0.274448	0.709991
2021-07-29 06:18:44.000000 	177.000000	59.252508	-154.162880	417.489586	-0.018135	-0.004390	0.019305	0.359430	0.280740	0.660587	-0.172680	-0.005802	-0.003952	0.025915	0.287807	0.270158	0.698971
2021-07-29 06:18:45.000000 	178.000000	59.252508	-154.162880	417.489586	-0.023729	-0.014802	-0.008913	0.406839	0.317757	0.747805	-0.208362	-0.028456	0.002981	0.006557	0.325776	0.305787	0.791242
2021-07-29 06:18:46.000000 	179.000000	59.252508	-154.162880	417.489586	-0.019290	-0.016814	-0.017506	0.317050	0.247619	0.582832	-0.166667	-0.030169	0.006727	-0.002423	0.253883	0.238296	0.616675
2021-07-29 06:18:47.000000 	180.000000	59.252508	-154.162880	417.489586	-0.023972	-0.025787	0.002783	0.373169	0.291437	0.686076	-0.185040	-0.026779	0.012762	0.019168	0.298827	0.280470	0.725899
2021-07-29 06:18:48.000000 	181.000000	59.252508	-154.162880	417.489586	-0.035090	-0.024781	0.014686	0.325924	0.254531	0.599286	-0.151876	-0.028916	0.007011	0.034290	0.261000	0.244958	0.634059
2021-07-29 06:18:49.000000 	182.000000	59.252508	-154.162880	417.489586	-0.017249	-0.032614	-0.019396	0.414970	0.324058	0.763104	-0.218312	-0.035474	0.021837	-0.001465	0.332314	0.311878	0.807367
2021-07-29 06:18:50.000000 	183.000000	59.252508	-154.162880	417.489586	-0.030636	-0.017268	-0.008899	0.297084	0.231990	0.546382	-0.148972	-0.034715	0.002190	0.010296	0.237914	0.223275	0.578063
2021-07-29 06:18:51.000000 	184.000000	59.252508	-154.162880	417.489586	-0.028354	-0.030733	0.007082	0.333751	0.260613	0.613891	-0.161008	-0.029823	0.015304	0.025981	0.267284	0.250828	0.649473
2021-07-29 06:18:52.000000 	185.000000	59.252508	-154.162880	417.489586	-0.023040	-0.016725	-0.003399	0.421788	0.329345	0.775913	-0.213715	-0.025824	0.005012	0.011407	0.337796	0.316987	0.820870
2021-07-29 06:18:53.000000 	186.000000	59.252508	-154.162880	417.489586	-0.022370	-0.028677	0.010660	0.336708	0.262902	0.619473	-0.162697	-0.022595	0.016061	0.025845	0.269663	0.253042	0.655353
2021-07-29 06:18:54.000000 	187.000000	59.252508	-154.162880	417.489586	-0.027553	-0.012798	-0.036679	0.375652	0.293299	0.691203	-0.203180	-0.044859	-0.000490	-0.015993	0.300860	0.282305	0.731223
2021-07-29 06:18:55.000000 	188.000000	59.252508	-154.162880	417.489586	-0.031399	-0.018388	0.006691	0.345352	0.269631	0.635524	-0.166921	-0.027754	0.002866	0.024296	0.276598	0.259530	0.672308
2021-07-29 06:18:56.000000 	189.000000	59.252508	-154.162880	417.489586	-0.030503	-0.019221	-0.006416	0.321711	0.251164	0.592088	-0.160669	-0.034075	0.004006	0.012804	0.257669	0.241760	0.626345
2021-07-29 06:18:57.000000 	190.000000	59.252508	-154.162880	417.489586	-0.005086	-0.014369	-0.027219	0.305928	0.238833	0.563106	-0.169244	-0.023232	0.010716	-0.017851	0.245033	0.229896	0.595675
2021-07-29 06:18:58.000000 	191.000000	59.252508	-154.162880	417.489586	-0.036505	-0.009946	0.020395	0.395388	0.308661	0.727855	-0.185490	-0.021536	-0.006957	0.036542	0.316693	0.297118	0.769937
2021-07-29 06:18:59.000000 	192.000000	59.252508	-154.162880	417.489586	-0.012538	-0.017223	-0.000356	0.313680	0.244866	0.577508	-0.158970	-0.016331	0.010037	0.009301	0.251253	0.235714	0.610885
2021-07-29 06:19:00.000000 	193.000000	59.252508	-154.162880	417.489586	-0.043301	0.000433	0.008290	0.428172	0.334229	0.788389	-0.206082	-0.029094	-0.019260	0.026953	0.342967	0.321744	0.833938
2021-07-29 06:19:01.000000 	194.000000	59.252508	-154.162880	417.489586	-0.012683	-0.003603	-0.016817	0.331685	0.258902	0.610799	-0.176136	-0.019758	-0.002284	-0.007814	0.265686	0.249236	0.646076
2021-07-29 06:19:02.000000 	195.000000	59.252508	-154.162880	417.489586	-0.047601	-0.015673	-0.000272	0.325144	0.253787	0.598823	-0.154362	-0.042830	-0.006640	0.025162	0.260452	0.244317	0.633395
2021-07-29 06:19:03.000000 	196.000000	59.252508	-154.162880	417.489586	-0.013067	-0.011041	0.002921	0.368092	0.287298	0.677999	-0.185763	-0.012749	0.004242	0.010983	0.294861	0.276584	0.717128
2021-07-29 06:19:04.000000 	197.000000	59.252508	-154.162880	417.489586	-0.015446	-0.014969	-0.006312	0.339422	0.264911	0.625264	-0.174318	-0.020781	0.006741	0.005018	0.271901	0.255037	0.661336
2021-07-29 06:19:05.000000 	198.000000	59.252508	-154.162880	417.489586	-0.024880	-0.007143	-0.009333	0.335026	0.261470	0.617236	-0.170891	-0.026693	-0.004414	0.005019	0.268385	0.251730	0.652833
2021-07-29 06:19:06.000000 	199.000000	59.252508	-154.162880	417.489586	-0.010619	-0.024815	0.004997	0.315222	0.246005	0.580818	-0.157365	-0.014954	0.017707	0.014711	0.252526	0.236846	0.614302
2021-07-29 06:19:07.000000 	200.000000	59.252508	-154.162880	417.489586	-0.006628	-0.029995	-0.019865	0.380838	0.297202	0.701801	-0.203604	-0.026517	0.024109	-0.007339	0.305098	0.286143	0.742245
2021-07-29 06:19:08.000000 	201.000000	59.252508	-154.162880	417.489586	-0.021371	-0.018371	-0.000420	1.383545	1.079663	2.549867	-0.711187	-0.023626	0.007221	0.013566	1.108415	1.039513	2.696761
2021-07-29 06:19:09.000000 	202.000000	59.252508	-154.162880	417.489586	-0.034949	-0.035204	0.025659	0.361504	0.291680	0.534033	-0.184860	-0.027101	0.016454	0.045978	0.265502	0.255736	0.604203
2021-07-29 06:19:10.000000 	203.000000	59.252508	-154.162880	417.489586	-0.059061	-0.006221	0.057920	0.339932	0.274285	0.502172	-0.155736	-0.018403	-0.020140	0.078341	0.249665	0.240480	0.568155
2021-07-29 06:19:11.000000 	204.000000	59.252508	-154.162880	417.489586	-0.020219	-0.027871	0.025974	0.372539	0.300607	0.550348	-0.196143	-0.012800	0.016273	0.037836	0.273620	0.263553	0.622660
2021-07-29 06:19:12.000000 	205.000000	59.252508	-154.162880	417.489586	-0.052601	-0.009649	0.033853	0.362725	0.292699	0.535857	-0.180100	-0.026995	-0.014240	0.055448	0.266419	0.256615	0.606263
2021-07-29 06:19:13.000000 	206.000000	59.252508	-154.162880	417.489586	-0.051623	-0.013210	0.031072	0.293776	0.237071	0.434004	-0.141101	-0.028993	-0.010609	0.053402	0.215782	0.207840	0.491027
2021-07-29 06:19:14.000000 	207.000000	59.252508	-154.162880	417.489586	-0.045879	-0.005277	0.034779	0.347080	0.280096	0.512757	-0.173139	-0.019684	-0.015245	0.052177	0.254940	0.245556	0.580126
2021-07-29 06:19:15.000000 	208.000000	59.252508	-154.162880	417.489586	-0.039258	-0.013559	-0.006598	0.283044	0.228427	0.418159	-0.152701	-0.038819	-0.004906	0.015415	0.207909	0.200255	0.473097
2021-07-29 06:19:16.000000 	209.000000	59.252508	-154.162880	417.489586	-0.025730	-0.000079	0.010313	0.273402	0.220655	0.403919	-0.146462	-0.014659	-0.011143	0.020721	0.200832	0.193437	0.456986
2021-07-29 06:19:17.000000 	210.000000	59.252508	-154.162880	417.489586	-0.007203	-0.001727	-0.034433	0.790999	0.617057	1.459326	0.395185	-0.023822	-0.001585	-0.025893	0.633829	0.594227	1.543123
2021-07-29 06:19:18.000000 	211.000000	59.252508	-154.162880	417.489586	-0.028512	-0.013178	0.033859	0.350856	0.273692	0.647374	-0.158167	-0.009680	-0.000565	0.045156	0.281148	0.263572	0.684534
2021-07-29 06:19:19.000000 	212.000000	59.252508	-154.162880	417.489586	-0.003269	-0.023321	-0.034439	0.346424	0.270225	0.639271	-0.193454	-0.028871	0.019565	-0.022897	0.277603	0.260238	0.675952
2021-07-29 06:19:20.000000 	213.000000	59.252508	-154.162880	417.489586	-0.020623	-0.013438	0.007611	0.340174	0.265339	0.627809	-0.166877	-0.017094	0.003107	0.019025	0.272600	0.255539	0.663819
2021-07-29 06:19:21.000000 	214.000000	59.252508	-154.162880	417.489586	-0.020186	-0.016878	0.019307	1.744638	1.360786	3.220196	-0.888968	-0.012065	0.006394	0.029643	1.398107	1.310556	3.404835
2021-07-29 06:19:22.000000 	215.000000	59.252508	-154.162880	417.489586	-0.023938	-0.024693	-0.016161	0.392262	0.305946	0.724109	-0.203269	-0.036028	0.011792	0.002628	0.314356	0.294659	0.765613
2021-07-29 06:19:23.000000 	216.000000	59.252508	-154.162880	417.489586	-0.036465	-0.017181	0.024916	0.349027	0.272214	0.644371	-0.158918	-0.021903	-0.000428	0.042021	0.279714	0.262178	0.681291
2021-07-29 06:19:24.000000 	217.000000	59.252508	-154.162880	417.489586	-0.022152	-0.016807	-0.015663	0.362568	0.282765	0.669447	-0.188423	-0.031438	0.005473	0.000477	0.290572	0.272345	0.707790
2021-07-29 06:19:25.000000 	218.000000	59.252508	-154.162880	417.489586	-0.015099	-0.017273	-0.006818	0.318818	0.248636	0.588736	-0.163704	-0.021635	0.008966	0.004937	0.255516	0.239479	0.622444
2021-07-29 06:19:26.000000 	219.000000	59.252508	-154.162880	417.489586	-0.048970	-0.020464	0.033117	0.357480	0.288625	0.528202	-0.177446	-0.028613	-0.002924	0.055555	0.262660	0.252977	0.597583
2021-07-29 06:19:27.000000 	220.000000	59.252508	-154.162880	417.489586	-0.053594	0.004282	0.049248	0.358186	0.289206	0.529251	-0.172311	-0.014674	-0.027210	0.066032	0.263186	0.253482	0.598769
2021-07-29 06:19:28.000000 	221.000000	59.252508	-154.162880	417.489586	-0.015798	-0.017421	-0.006542	0.325584	0.262894	0.481086	-0.184080	-0.022090	0.008795	0.005529	0.239237	0.230415	0.544276
2021-07-29 06:19:29.000000 	222.000000	59.252508	-154.162880	417.489586	-0.046606	-0.007058	0.051040	0.288796	0.233199	0.426733	-0.132610	-0.012600	-0.013959	0.066884	0.212212	0.204385	0.482783
2021-07-29 06:19:30.000000 	223.000000	59.252508	-154.162880	417.489586	-0.029609	-0.017373	0.016574	0.356741	0.288074	0.527137	-0.189437	-0.020937	0.002732	0.031740	0.262145	0.252475	0.596372
2021-07-29 06:19:31.000000 	224.000000	59.252508	-154.162880	417.489586	-0.037874	-0.006128	0.049221	0.319251	0.257811	0.471746	-0.153668	-0.006427	-0.010991	0.061095	0.234603	0.225948	0.533705
2021-07-29 06:19:32.000000 	225.000000	59.252508	-154.162880	417.489586	-0.035935	-0.016562	0.030970	0.315048	0.254427	0.465541	-0.158036	-0.018166	-0.000755	0.046842	0.231520	0.222978	0.526684
2021-07-29 06:19:33.000000 	226.000000	59.252508	-154.162880	417.489586	-0.037528	-0.013504	0.028236	0.284827	0.230030	0.420889	-0.141448	-0.019651	-0.004201	0.044544	0.209317	0.201593	0.476167
2021-07-29 06:19:34.000000 	227.000000	59.252508	-154.162880	417.489586	-0.022140	-0.008006	0.017940	0.310854	0.251060	0.459355	-0.165529	-0.010952	-0.002444	0.027390	0.228450	0.220019	0.519683
2021-07-29 06:19:35.000000 	228.000000	59.252508	-154.162880	417.489586	-0.050572	-0.011969	0.043361	0.282339	0.228039	0.417223	-0.130261	-0.021433	-0.011268	0.063203	0.207500	0.199841	0.472017
2021-07-29 06:19:36.000000 	229.000000	59.252508	-154.162880	417.489586	-0.040751	-0.008172	0.052591	0.304630	0.246052	0.450168	-0.142848	-0.007695	-0.010405	0.065771	0.223888	0.215622	0.509288
2021-07-29 06:19:37.000000 	230.000000	59.252508	-154.162880	417.489586	-0.026366	-0.014525	0.008044	0.331231	0.267549	0.489484	-0.179224	-0.021722	0.001582	0.022282	0.243444	0.234456	0.553765
2021-07-29 06:19:38.000000 	231.000000	59.252508	-154.162880	417.489586	-0.045211	-0.001582	0.060463	0.324714	0.262295	0.479860	-0.150530	-0.004652	-0.018280	0.073119	0.238661	0.229848	0.542876
2021-07-29 06:19:39.000000 	232.000000	59.252508	-154.162880	417.489586	-0.031836	-0.016946	0.010804	0.301130	0.243254	0.445012	-0.158887	-0.025449	0.001377	0.027710	0.221333	0.213159	0.503451
2021-07-29 06:19:40.000000 	233.000000	59.252508	-154.162880	417.489586	-0.034998	-0.004565	0.048230	0.320427	0.258853	0.473536	-0.155739	-0.004124	-0.011145	0.058572	0.235523	0.226823	0.535719
2021-07-29 06:19:41.000000 	234.000000	59.252508	-154.162880	417.489586	-0.047713	-0.013456	0.041745	0.290488	0.234676	0.429296	-0.136409	-0.020605	-0.008683	0.060830	0.213522	0.205634	0.485668
2021-07-29 06:19:42.000000 	235.000000	59.252508	-154.162880	417.489586	-0.027445	0.000769	0.018750	0.285594	0.230732	0.422069	-0.149919	-0.011355	-0.012653	0.028572	0.209931	0.202175	0.477491
2021-07-29 06:19:43.000000 	236.000000	59.252508	-154.162880	417.489586	-0.034573	-0.013730	0.028476	0.343526	0.277546	0.507691	-0.176230	-0.017327	-0.002710	0.043441	0.252521	0.243190	0.574355
2021-07-29 06:19:44.000000 	237.000000	59.252508	-154.162880	417.489586	-0.036729	-0.005665	0.048042	0.282729	0.228435	0.417845	-0.133400	-0.005970	-0.010908	0.059452	0.207836	0.200155	0.472710
2021-07-29 06:19:45.000000 	238.000000	59.252508	-154.162880	417.489586	-0.029086	-0.016966	0.009927	0.294215	0.237725	0.434825	-0.156053	-0.023778	0.002594	0.025695	0.216285	0.208291	0.491918
2021-07-29 06:19:47.000000 	240.000000	59.252508	-154.162880	417.489586	-0.027241	-0.026107	0.026995	0.969487	0.783406	1.432856	0.579097	-0.017048	0.011625	0.041552	0.712734	0.686383	1.620985
2021-07-29 06:19:48.000000 	241.000000	59.252508	-154.162880	417.489586	-0.035340	-0.001024	0.030171	0.283173	0.228831	0.418522	-0.141590	-0.012295	-0.014480	0.042419	0.208185	0.200487	0.473471
2021-07-29 06:19:49.000000 	242.000000	59.252508	-154.162880	417.489586	-0.044974	-0.008956	0.051351	0.287667	0.232471	0.425168	-0.132245	-0.011889	-0.011539	0.066823	0.211494	0.203673	0.480989
2021-07-29 06:19:50.000000 	243.000000	59.252508	-154.162880	417.489586	-0.030567	-0.010536	0.027860	1.663773	1.344593	2.459065	-0.939963	-0.013347	-0.003838	0.040356	1.223249	1.178005	2.781913
2021-07-29 06:19:52.000000 	245.000000	59.252508	-154.162880	417.489586	-0.026326	-0.011826	0.025407	0.340626	0.275302	0.503459	-0.178333	-0.011804	-0.000830	0.036585	0.250451	0.241185	0.569555
2021-07-29 06:19:53.000000 	246.000000	59.252508	-154.162880	417.489586	-0.041099	-0.020649	0.040616	0.326403	0.263817	0.482442	-0.158984	-0.018760	0.000673	0.058419	0.239999	0.231119	0.545778
2021-07-29 06:19:54.000000 	247.000000	59.252508	-154.162880	417.489586	-0.033650	-0.000617	0.022773	0.298950	0.241638	0.441870	-0.154181	-0.014617	-0.014110	0.035193	0.219820	0.211685	0.499878
2021-07-29 06:19:55.000000 	248.000000	59.252508	-154.162880	417.489586	-0.022095	-0.019509	0.001232	0.340908	0.265572	0.631702	-0.169265	-0.023768	0.007929	0.015573	0.273415	0.255960	0.667475
2021-07-29 06:19:56.000000 	249.000000	59.252508	-154.162880	417.489586	-0.030764	-0.019683	0.002956	0.383301	0.298586	0.710338	-0.187991	-0.029658	0.004308	0.021082	0.307423	0.287786	0.750549
2021-07-29 06:19:57.000000 	250.000000	59.252508	-154.162880	417.489586	-0.023688	-0.004957	-0.013285	0.363510	0.283159	0.673738	-0.187458	-0.026972	-0.005862	0.000587	0.291557	0.272923	0.711863
2021-07-29 06:19:58.000000 	251.000000	59.252508	-154.162880	417.489586	-0.018798	-0.017577	-0.008782	0.315710	0.245916	0.585212	-0.161704	-0.025613	0.007627	0.005019	0.253225	0.237032	0.618316
2021-07-29 06:19:59.000000 	252.000000	59.252508	-154.162880	417.489586	-0.022520	-0.023955	-0.016212	0.348976	0.271819	0.646950	-0.180938	-0.034680	0.011746	0.001767	0.279914	0.262004	0.683532
2021-07-29 06:20:00.000000 	253.000000	59.252508	-154.162880	417.489586	-0.043769	-0.012640	0.008771	0.424289	0.330469	0.786659	-0.202965	-0.034107	-0.007699	0.030495	0.340331	0.318543	0.831125
2021-07-29 06:20:01.000000 	254.000000	59.252508	-154.162880	417.489586	-0.029948	-0.013828	0.011479	0.286156	0.222872	0.530612	-0.134106	-0.022476	-0.000607	0.026727	0.229537	0.214834	0.560593
2021-07-29 06:20:02.000000 	255.000000	59.252508	-154.162880	417.489586	-0.011547	-0.019561	-0.025789	0.379464	0.295534	0.703712	-0.204334	-0.029443	0.012573	-0.012492	0.304391	0.284882	0.743460
2021-07-29 06:20:03.000000 	256.000000	59.252508	-154.162880	417.489586	-0.032842	-0.030440	0.002173	1.932781	1.505235	3.584731	-0.989113	-0.035695	0.013084	0.023762	1.550440	1.451012	3.787132
2021-07-29 06:20:04.000000 	257.000000	59.252508	-154.162880	417.489586	-0.025445	-0.006076	0.005803	1.205496	0.938798	2.236091	0.632085	-0.018991	-0.005621	0.018049	0.967050	0.904999	2.362299
2021-07-29 06:20:05.000000 	258.000000	59.252508	-154.162880	417.489586	-0.038197	-0.016574	0.054235	1.603487	1.296654	2.370380	-0.892568	-0.008026	-0.001730	0.067881	1.179413	1.135700	2.681483
2021-07-29 06:20:06.000000 	259.000000	59.252508	-154.162880	417.489586	-0.039971	-0.008927	0.025174	0.300898	0.243330	0.444812	-0.151790	-0.021392	-0.009385	0.042017	0.221326	0.213122	0.503191
2021-07-29 06:20:07.000000 	260.000000	59.252508	-154.162880	417.489586	-0.034033	-0.012816	0.029235	0.311940	0.252270	0.461141	-0.158018	-0.016179	-0.003297	0.043641	0.229454	0.220948	0.521661
2021-07-29 06:20:08.000000 	261.000000	59.252508	-154.162880	417.489586	-0.042980	-0.018475	0.053971	0.301376	0.243736	0.445529	-0.138918	-0.012572	-0.002103	0.070278	0.221690	0.213470	0.503999
2021-07-29 06:20:09.000000 	262.000000	59.252508	-154.162880	417.489586	-0.036432	-0.010603	0.031807	0.266380	0.215442	0.393798	-0.130129	-0.015890	-0.006335	0.046463	0.195952	0.188686	0.445478
2021-07-29 06:20:10.000000 	263.000000	59.252508	-154.162880	417.489586	-0.031778	-0.006345	0.031199	0.312109	0.252437	0.461406	-0.158636	-0.011007	-0.008139	0.042850	0.229597	0.221082	0.521957
2021-07-29 06:20:11.000000 	264.000000	59.252508	-154.162880	417.489586	-0.035451	-0.008966	0.020516	0.293307	0.237239	0.433615	-0.150568	-0.020292	-0.007380	0.035942	0.215772	0.207769	0.490518
2021-07-29 06:20:12.000000 	265.000000	59.252508	-154.162880	417.489586	-0.043033	-0.011586	0.070093	0.336798	0.272428	0.497917	-0.153569	-0.001791	-0.008326	0.082623	0.247774	0.238582	0.563257
2021-07-29 06:20:13.000000 	266.000000	59.252508	-154.162880	417.489586	-0.036759	-0.019404	0.022217	0.153197	0.123923	0.226487	0.106701	-0.024343	0.001445	0.040332	0.112706	0.108525	0.256207
2021-07-29 06:20:14.000000 	267.000000	59.252508	-154.162880	417.489586	-0.029693	0.001169	0.034231	0.320311	0.259113	0.473554	-0.163426	-0.005029	-0.013992	0.042822	0.235658	0.226913	0.535693
2021-07-29 06:20:15.000000 	268.000000	59.252508	-154.162880	417.489586	-0.030558	-0.014582	0.023485	0.300931	0.243446	0.444907	-0.154736	-0.017092	-0.000194	0.037494	0.221406	0.213189	0.503286
2021-07-29 06:20:16.000000 	269.000000	59.252508	-154.162880	417.489586	-0.054514	-0.015976	0.063841	0.322159	0.260629	0.476296	-0.143903	-0.015512	-0.009379	0.083511	0.237031	0.228233	0.538793
2021-07-29 06:20:17.000000 	270.000000	59.252508	-154.162880	417.489586	-0.022647	-0.006401	0.019352	0.308423	0.249527	0.455994	-0.163777	-0.010022	-0.004109	0.028479	0.226931	0.218507	0.515825
2021-07-29 06:20:18.000000 	271.000000	59.252508	-154.162880	417.489586	-0.053524	0.001434	0.056932	0.326390	0.264074	0.482563	-0.150838	-0.011758	-0.024617	0.073238	0.240158	0.231241	0.545879
2021-07-29 06:20:19.000000 	272.000000	59.252508	-154.162880	417.489586	-0.033093	-0.012920	0.034328	0.297546	0.240746	0.439922	-0.148001	-0.012887	-0.002794	0.047609	0.218941	0.210810	0.497642
2021-07-29 06:20:20.000000 	273.000000	59.252508	-154.162880	417.489586	-0.045726	-0.010073	0.042787	0.340701	0.275674	0.503732	-0.166256	-0.017267	-0.010862	0.060058	0.250702	0.241391	0.569823
2021-07-29 06:20:21.000000 	274.000000	59.252508	-154.162880	417.489586	-0.028710	-0.011443	0.023946	0.282035	0.228215	0.416999	-0.144508	-0.014251	-0.002213	0.036341	0.207539	0.199830	0.471709
2021-07-29 06:20:22.000000 	275.000000	59.252508	-154.162880	417.489586	-0.038938	-0.017067	0.031406	0.309860	0.250740	0.458144	-0.154148	-0.020456	-0.001609	0.048711	0.228021	0.219550	0.518251
2021-07-29 06:20:23.000000 	276.000000	59.252508	-154.162880	417.489586	-0.052643	-0.004653	0.045346	0.314781	0.254732	0.465424	-0.148541	-0.019280	-0.018755	0.064232	0.231649	0.223042	0.526485
2021-07-29 06:20:24.000000 	277.000000	59.252508	-154.162880	417.489586	-0.024021	-0.026095	0.045001	0.325080	0.263077	0.480657	-0.160695	-0.005348	0.013018	0.055542	0.239235	0.230345	0.543715
2021-07-29 06:20:25.000000 	278.000000	59.252508	-154.162880	417.489586	-0.053403	-0.000813	0.049277	0.288606	0.233570	0.426732	-0.131785	-0.016420	-0.022543	0.067104	0.212399	0.204505	0.482714
2021-07-29 06:20:26.000000 	279.000000	59.252508	-154.162880	417.489586	-0.023828	-0.006107	0.016976	0.332102	0.268782	0.491051	-0.178132	-0.012040	-0.004889	0.026915	0.244417	0.235332	0.555470
2021-07-29 06:20:27.000000 	280.000000	59.252508	-154.162880	417.489586	-0.048885	-0.013263	0.062549	0.295659	0.239298	0.437171	-0.130987	-0.010802	-0.009368	0.079206	0.217602	0.209513	0.494520
2021-07-29 06:20:28.000000 	281.000000	59.252508	-154.162880	417.489586	-0.023308	-0.015003	0.009725	0.317273	0.256802	0.469135	-0.171572	-0.018677	0.003345	0.022426	0.233517	0.224834	0.530676
2021-07-29 06:20:29.000000 	282.000000	59.252508	-154.162880	417.489586	-0.048217	-0.011923	0.071931	0.337957	0.273555	0.499725	-0.152080	-0.004987	-0.010283	0.086663	0.248747	0.239497	0.565277
2021-07-29 06:20:30.000000 	283.000000	59.252508	-154.162880	417.489586	-0.015851	-0.013818	0.001437	0.267228	0.216312	0.395144	-0.148011	-0.016702	0.005529	0.011608	0.196694	0.189379	0.446976
2021-07-29 06:20:31.000000 	284.000000	59.252508	-154.162880	417.489586	-0.046969	-0.002055	0.051610	0.330047	0.267174	0.488040	-0.156916	-0.010715	-0.018620	0.066426	0.242940	0.233903	0.552056
2021-07-29 06:20:32.000000 	285.000000	59.252508	-154.162880	417.489586	-0.045074	-0.009654	0.035791	0.310854	0.251647	0.459664	-0.151958	-0.020183	-0.010955	0.053652	0.228819	0.220306	0.519956
2021-07-29 06:20:33.000000 	286.000000	59.252508	-154.162880	417.489586	-0.044276	-0.018403	0.054052	0.337743	0.273426	0.499430	-0.159757	-0.013507	-0.002733	0.070928	0.248619	0.239368	0.564937
2021-07-29 06:20:34.000000 	287.000000	59.252508	-154.162880	417.489586	-0.031075	-0.001145	0.027926	0.286874	0.232254	0.424214	-0.146068	-0.010189	-0.012513	0.038555	0.211180	0.203321	0.479854
2021-07-29 06:20:35.000000 	288.000000	59.252508	-154.162880	417.489586	-0.040702	-0.011119	0.053110	0.314491	0.254623	0.465057	-0.148387	-0.008496	-0.007731	0.066850	0.231517	0.222900	0.526053
2021-07-29 06:20:36.000000 	289.000000	59.252508	-154.162880	417.489586	-0.048528	-0.007597	0.040581	0.311336	0.252079	0.460396	-0.149509	-0.019635	-0.014312	0.058900	0.229200	0.220669	0.520779
2021-07-29 06:20:37.000000 	290.000000	59.252508	-154.162880	417.489586	-0.031438	-0.010542	0.017853	0.336849	0.272748	0.498130	-0.177975	-0.019138	-0.004213	0.032158	0.247990	0.238758	0.563461
2021-07-29 06:20:38.000000 	291.000000	59.252508	-154.162880	417.489586	-0.052832	-0.013588	0.063711	0.327098	0.264863	0.483715	-0.147668	-0.013383	-0.010795	0.082093	0.240818	0.231852	0.547154
2021-07-29 06:20:39.000000 	292.000000	59.252508	-154.162880	417.489586	-0.027480	-0.009864	0.024634	0.332729	0.269434	0.492048	-0.174180	-0.012357	-0.003098	0.036014	0.244971	0.235849	0.556577
2021-07-29 06:20:40.000000 	293.000000	59.252508	-154.162880	417.489586	-0.053485	-0.013421	0.068496	0.247547	0.200464	0.366082	-0.099106	-0.011380	-0.011230	0.086469	0.182261	0.175473	0.414091
2021-07-29 06:20:41.000000 	294.000000	59.252508	-154.162880	417.489586	-0.029816	-0.004387	0.027679	0.340804	0.275995	0.504000	-0.177523	-0.010556	-0.009046	0.038485	0.250931	0.241585	0.570094
2021-07-29 06:20:42.000000 	295.000000	59.252508	-154.162880	417.489586	-0.045350	-0.011783	0.032762	0.280595	0.227245	0.414964	-0.135298	-0.022742	-0.009159	0.051650	0.206606	0.198909	0.469381
2021-07-29 06:20:43.000000 	296.000000	59.252508	-154.162880	417.489586	-0.033657	-0.017212	0.021620	0.318052	0.257591	0.470363	-0.164313	-0.021428	0.000823	0.037903	0.234193	0.225467	0.532043
2021-07-29 06:20:44.000000 	297.000000	59.252508	-154.162880	417.489586	-0.047504	-0.002950	0.074011	0.304752	0.246829	0.450698	-0.132861	-0.000011	-0.018048	0.086123	0.224406	0.216044	0.509798
2021-07-29 06:20:45.000000 	298.000000	59.252508	-154.162880	417.489586	-0.019358	-0.013647	-0.000533	0.321517	0.260418	0.475497	-0.179273	-0.020358	0.003847	0.011490	0.236758	0.227934	0.537847
2021-07-29 06:20:46.000000 	299.000000	59.252508	-154.162880	417.489586	-0.051976	-0.011697	0.085621	0.286221	0.231840	0.423302	-0.115202	-0.000811	-0.012124	0.100108	0.210774	0.202917	0.478807
2021-07-29 06:20:47.000000 	300.000000	59.252508	-154.162880	417.489586	-0.032061	-0.010966	0.010154	0.640446	0.518784	0.947187	0.382920	-0.023716	-0.004103	0.025923	0.471639	0.454056	1.071382
2021-07-29 06:20:48.000000 	301.000000	59.252508	-154.162880	417.489586	-0.040186	-0.005877	0.070297	0.315577	0.255639	0.466727	-0.142601	0.002654	-0.012224	0.080216	0.232405	0.223740	0.527923
2021-07-29 06:20:49.000000 	302.000000	59.252508	-154.162880	417.489586	-0.033783	-0.011394	0.019804	0.279962	0.226798	0.414058	-0.143529	-0.020275	-0.004468	0.035105	0.206183	0.198494	0.468347
2021-07-29 06:20:50.000000 	303.000000	59.252508	-154.162880	417.489586	-0.030801	-0.007476	0.031234	1.262655	1.022923	1.867461	-0.708554	-0.010656	-0.006694	0.042682	0.929932	0.895249	2.112306
2021-07-29 06:20:51.000000 	304.000000	59.252508	-154.162880	417.489586	-0.049593	-0.015850	0.060685	0.610194	0.494361	0.902483	0.389872	-0.013272	-0.007348	0.078506	0.449415	0.432651	1.020806
2021-07-29 06:20:52.000000 	305.000000	59.252508	-154.162880	417.489586	-0.040040	-0.013616	0.034416	0.314849	0.255092	0.465670	-0.156053	-0.018476	-0.005195	0.051037	0.231897	0.223246	0.526722
2021-07-29 06:20:53.000000 	306.000000	59.252508	-154.162880	417.489586	-0.026259	-0.009635	-0.026706	0.348594	0.271013	0.650229	-0.184360	-0.037575	-0.002773	-0.008722	0.280010	0.261538	0.686263
2021-07-29 06:20:54.000000 	307.000000	59.252508	-154.162880	417.489586	-0.021951	-0.013323	0.000979	0.346730	0.269554	0.646825	-0.172260	-0.021469	0.002424	0.013911	0.278520	0.260136	0.682656
2021-07-29 06:20:55.000000 	308.000000	59.252508	-154.162880	417.489586	-0.044097	-0.014341	0.023312	0.276823	0.224311	0.409441	-0.136896	-0.027563	-0.006310	0.043521	0.203908	0.196298	0.463117
2021-07-29 06:20:56.000000 	309.000000	59.252508	-154.162880	417.489586	-0.011262	-0.020545	-0.005955	1.300889	1.054160	1.924127	-0.749088	-0.019451	0.013583	0.004642	0.958265	0.922494	2.176365
2021-07-29 06:20:57.000000 	310.000000	59.252508	-154.162880	417.489586	-0.037079	-0.011533	0.016987	0.669732	0.520610	1.249811	0.362340	-0.024316	-0.005779	0.034231	0.538027	0.502453	1.318967
2021-07-29 06:20:58.000000 	311.000000	59.252508	-154.162880	417.489586	-0.022511	-0.030783	-0.028553	0.332258	0.258269	0.620109	-0.176931	-0.043541	0.017895	-0.007322	0.266926	0.249267	0.654408
2021-07-29 06:20:59.000000 	312.000000	59.252508	-154.162880	417.489586	-0.024444	-0.015893	0.013702	0.386430	0.300368	0.721295	-0.186162	-0.017856	0.003651	0.026565	0.310455	0.289905	0.761176
2021-07-29 06:21:00.000000 	313.000000	59.252508	-154.162880	417.489586	-0.013510	-0.017237	-0.027255	0.357981	0.278245	0.668268	-0.192987	-0.030841	0.009626	-0.013366	0.287607	0.268559	0.705203
2021-07-29 06:21:01.000000 	314.000000	59.252508	-154.162880	417.489586	-0.020784	-0.022404	-0.000030	0.357207	0.277634	0.666898	-0.178060	-0.024483	0.011107	0.014530	0.286993	0.267975	0.703743
2021-07-29 06:21:02.000000 	315.000000	59.252508	-154.162880	417.489586	-0.026713	-0.014455	-0.001091	0.366399	0.284769	0.684137	-0.181915	-0.026635	0.001368	0.014575	0.294388	0.274868	0.721921
2021-07-29 06:21:03.000000 	316.000000	59.252508	-154.162880	417.489586	-0.037334	-0.025165	0.013892	0.371201	0.288492	0.693181	-0.174110	-0.031202	0.006379	0.034725	0.298254	0.278467	0.731450
2021-07-29 06:21:04.000000 	317.000000	59.252508	-154.162880	417.489586	-0.023037	-0.012645	0.017111	0.397652	0.309039	0.742661	-0.190843	-0.013808	0.001341	0.028124	0.319517	0.298307	0.783645
2021-07-29 06:21:05.000000 	318.000000	59.252508	-154.162880	417.489586	-0.022903	-0.018563	-0.019788	0.384151	0.298536	0.717527	-0.200423	-0.034786	0.006726	-0.002332	0.308677	0.288175	0.757109
2021-07-29 06:21:06.000000 	319.000000	59.252508	-154.162880	417.489586	-0.023750	-0.021031	-0.011318	0.270115	0.209908	0.504584	-0.137142	-0.032034	0.008578	0.005888	0.217052	0.202627	0.532409
2021-07-29 06:21:07.000000 	320.000000	59.252508	-154.162880	417.489586	-0.019528	-0.015824	-0.013352	0.377675	0.293484	0.705590	-0.195250	-0.027858	0.005732	0.001036	0.303491	0.283311	0.744485
2021-07-29 06:21:08.000000 	321.000000	59.252508	-154.162880	417.489586	-0.021666	-0.013841	-0.009663	0.325163	0.252670	0.607553	-0.165867	-0.026883	0.003015	0.004749	0.261301	0.243916	0.641030
2021-07-29 06:21:09.000000 	322.000000	59.252508	-154.162880	417.489586	-0.036927	-0.026105	0.003503	1.597908	1.241622	2.985959	-0.812336	-0.036550	0.007402	0.025819	1.284118	1.198635	3.150429
2021-07-29 06:21:10.000000 	323.000000	59.252508	-154.162880	417.489586	-0.012772	-0.006223	-0.010769	0.351644	0.273229	0.657180	-0.182782	-0.017716	0.000035	-0.001992	0.282598	0.263775	0.693364
2021-07-29 06:21:11.000000 	324.000000	59.252508	-154.162880	417.489586	-0.042442	-0.018544	0.033224	0.223110	0.180908	0.330048	-0.101942	-0.022790	-0.001807	0.052215	0.164423	0.158273	0.373299
2021-07-29 06:21:12.000000 	325.000000	59.252508	-154.162880	417.489586	-0.042284	-0.002458	0.041665	0.337557	0.273718	0.499357	-0.166828	-0.012326	-0.016216	0.055813	0.248775	0.239467	0.564792
2021-07-29 06:21:13.000000 	326.000000	59.252508	-154.162880	417.489586	-0.030235	-0.018457	0.016210	0.306500	0.248545	0.453418	-0.160688	-0.022013	0.003435	0.031956	0.225893	0.217440	0.512832
2021-07-29 06:21:14.000000 	327.000000	59.252508	-154.162880	417.489586	-0.051515	0.004691	0.076501	0.225769	0.183087	0.333993	-0.084802	0.001021	-0.026673	0.088407	0.166399	0.160172	0.377757
2021-07-29 06:21:15.000000 	328.000000	59.252508	-154.162880	417.489586	-0.032004	-0.011157	0.026290	0.309983	0.251390	0.458578	-0.159119	-0.015493	-0.003906	0.039807	0.228474	0.219922	0.518666
2021-07-29 06:21:16.000000 	329.000000	59.252508	-154.162880	417.489586	-0.047276	-0.007464	0.062086	0.330208	0.267804	0.488503	-0.152511	-0.007623	-0.013886	0.076775	0.243389	0.234277	0.552511
2021-07-29 06:21:17.000000 	330.000000	59.252508	-154.162880	417.489586	-0.036987	-0.014354	0.039142	0.306384	0.248493	0.453263	-0.150236	-0.013975	-0.003200	0.053858	0.225836	0.217380	0.512651
2021-07-29 06:21:18.000000 	331.000000	59.252508	-154.162880	417.489586	-0.046000	-0.007370	0.042692	0.283995	0.230344	0.420145	-0.133775	-0.016516	-0.013415	0.059500	0.209339	0.201500	0.475193
2021-07-29 06:21:19.000000 	332.000000	59.252508	-154.162880	417.489586	-0.040811	-0.013540	0.042640	0.310268	0.251664	0.459019	-0.150085	-0.014839	-0.005599	0.058442	0.228713	0.220148	0.519158
2021-07-29 06:21:20.000000 	333.000000	59.252508	-154.162880	417.489586	-0.036884	-0.007639	0.068338	0.314552	0.255150	0.465361	-0.143763	0.003547	-0.009199	0.077406	0.231878	0.223193	0.526330
