2021-07-29 06:12:43.000000 	-184.000000	55.078490	-160.049162	365.100048	-0.042243	-0.003586	0.008419	0.290255	0.234648	0.429312	-0.152564	-0.028742	-0.011043	0.030334	0.214283	0.209198	0.483669
2021-07-29 06:12:44.000000 	-183.000000	55.078490	-160.049162	365.100048	-0.025470	-0.014962	0.018175	0.337137	0.272556	0.498667	-0.179670	-0.013412	0.005374	0.031531	0.248896	0.242991	0.561804
2021-07-29 06:12:45.000000 	-182.000000	55.078490	-160.049162	365.100048	-0.032237	-0.016642	0.004241	0.310272	0.250844	0.458942	-0.167399	-0.027074	0.004644	0.024075	0.229064	0.223630	0.517048
2021-07-29 06:12:46.000000 	-181.000000	55.078490	-160.049162	365.100048	-0.039270	-0.008904	0.014997	0.327963	0.265155	0.485122	-0.172381	-0.024172	-0.005030	0.035166	0.242126	0.236383	0.546542
2021-07-29 06:12:47.000000 	-180.000000	55.078490	-160.049162	365.100048	-0.035450	-0.014976	0.022804	0.322671	0.260884	0.477306	-0.166720	-0.018458	0.001981	0.040699	0.238221	0.232572	0.537735
2021-07-29 06:12:48.000000 	-179.000000	55.078490	-160.049162	365.100048	-0.026961	-0.009011	-0.003786	0.306011	0.247422	0.452674	-0.170372	-0.025468	-0.000729	0.013163	0.225923	0.220567	0.509984
2021-07-29 06:12:49.000000 	-178.000000	55.078490	-160.049162	365.100048	-0.036588	-0.024203	0.030080	0.293889	0.237628	0.434753	-0.145708	-0.017751	0.010266	0.049079	0.216975	0.211832	0.489793
2021-07-29 06:12:50.000000 	-177.000000	55.078490	-160.049162	365.100048	-0.035663	-0.005673	-0.002514	0.311971	0.252256	0.461513	-0.171144	-0.030513	-0.006837	0.018237	0.230327	0.224867	0.519940
2021-07-29 06:12:51.000000 	-176.000000	55.078490	-160.049162	365.100048	-0.037532	-0.016592	0.020996	0.340784	0.275562	0.504150	-0.177176	-0.021550	0.002790	0.040652	0.251601	0.245639	0.567974
2021-07-29 06:12:52.000000 	-175.000000	55.078490	-160.049162	365.100048	-0.030848	-0.009608	0.005444	0.328155	0.265358	0.485479	-0.178536	-0.023347	-0.001495	0.022940	0.242279	0.236538	0.546938
2021-07-29 06:12:53.000000 	-174.000000	55.078490	-160.049162	365.100048	-0.036933	-0.017482	0.026235	0.315315	0.254983	0.466495	-0.160402	-0.018338	0.003831	0.044799	0.232801	0.227286	0.525550
2021-07-29 06:12:54.000000 	-173.000000	55.078490	-160.049162	365.100048	-0.037003	-0.020269	0.016591	0.310869	0.251395	0.459929	-0.161217	-0.024692	0.006426	0.037474	0.229520	0.224083	0.518152
2021-07-29 06:12:55.000000 	-172.000000	55.078490	-160.049162	365.100048	-0.029901	0.003487	0.004690	0.312970	0.253102	0.463048	-0.171549	-0.019385	-0.013481	0.019254	0.231073	0.225600	0.521665
2021-07-29 06:12:56.000000 	-171.000000	55.078490	-160.049162	365.100048	-0.032392	-0.024640	0.010945	0.316021	0.255577	0.467574	-0.167134	-0.025593	0.012109	0.031217	0.233327	0.227802	0.526763
2021-07-29 06:12:57.000000 	-170.000000	55.078490	-160.049162	365.100048	-0.035802	-0.009234	0.013791	0.299270	0.242037	0.442801	-0.157161	-0.022282	-0.003536	0.032377	0.220961	0.215730	0.498853
2021-07-29 06:12:58.000000 	-169.000000	55.078490	-160.049162	365.100048	-0.025916	-0.016825	0.006695	0.351078	0.283946	0.519470	-0.191912	-0.020849	0.006972	0.022721	0.259215	0.253079	0.585225
2021-07-29 06:12:59.000000 	-168.000000	55.078490	-160.049162	365.100048	-0.035515	-0.010436	0.003327	0.304894	0.246601	0.451145	-0.164381	-0.028387	-0.002309	0.023877	0.225117	0.219789	0.508251
2021-07-29 06:13:00.000000 	-167.000000	55.078490	-160.049162	365.100048	-0.043527	-0.011628	0.033242	0.337965	0.273357	0.500091	-0.169558	-0.017771	-0.003922	0.052950	0.249536	0.243632	0.563392
2021-07-29 06:13:01.000000 	-166.000000	55.078490	-160.049162	365.100048	-0.028967	-0.013041	0.012621	0.286291	0.231569	0.423640	-0.151631	-0.018749	0.002375	0.028483	0.211385	0.206384	0.477263
2021-07-29 06:13:02.000000 	-165.000000	55.078490	-160.049162	365.100048	-0.033739	-0.013134	0.002359	0.293528	0.237430	0.434360	-0.158361	-0.028327	0.000834	0.022654	0.216730	0.211604	0.489338
2021-07-29 06:13:03.000000 	-164.000000	55.078490	-160.049162	365.100048	-0.034661	-0.009781	0.009641	0.341749	0.276443	0.505728	-0.183714	-0.023931	-0.002633	0.028467	0.252336	0.246369	0.569739
2021-07-29 06:13:04.000000 	-163.000000	55.078490	-160.049162	365.100048	-0.037299	-0.026321	0.025632	0.317873	0.257138	0.470408	-0.160939	-0.021439	0.012015	0.046229	0.234709	0.229159	0.529948
2021-07-29 06:13:05.000000 	-162.000000	55.078490	-160.049162	365.100048	-0.034299	-0.011459	0.018248	0.320058	0.258913	0.473653	-0.167712	-0.019195	-0.000932	0.035657	0.236324	0.230737	0.533602
2021-07-29 06:13:06.000000 	-161.000000	55.078490	-160.049162	365.100048	-0.026377	-0.006853	0.002053	0.303225	0.245303	0.448753	-0.166948	-0.021071	-0.002559	0.017215	0.223897	0.218605	0.505550
2021-07-29 06:13:07.000000 	-160.000000	55.078490	-160.049162	365.100048	-0.037620	-0.021994	0.013796	0.352483	0.285160	0.521664	-0.186104	-0.027251	0.007838	0.035851	0.260270	0.254119	0.587688
2021-07-29 06:13:08.000000 	-159.000000	55.078490	-160.049162	365.100048	-0.035845	-0.010162	0.017737	0.293695	0.237609	0.434672	-0.152295	-0.020316	-0.002679	0.035816	0.216864	0.211740	0.489684
2021-07-29 06:13:09.000000 	-158.000000	55.078490	-160.049162	365.100048	-0.030129	-0.006274	0.010825	0.353213	0.285769	0.522771	-0.191560	-0.018780	-0.004383	0.026313	0.260814	0.254652	0.588932
2021-07-29 06:13:10.000000 	-157.000000	55.078490	-160.049162	365.100048	-0.039216	-0.019323	0.007801	0.318858	0.257982	0.471936	-0.168697	-0.031165	0.004782	0.031273	0.235448	0.229887	0.531663
2021-07-29 06:13:11.000000 	-156.000000	55.078490	-160.049162	365.100048	-0.041366	-0.008909	0.015884	0.317215	0.256660	0.469515	-0.165190	-0.025282	-0.005740	0.037024	0.234237	0.228704	0.528935
2021-07-29 06:13:12.000000 	-155.000000	55.078490	-160.049162	365.100048	-0.020967	-0.019075	0.012955	0.326510	0.264189	0.483285	-0.176294	-0.014081	0.010776	0.025630	0.241103	0.235409	0.544446
2021-07-29 06:13:13.000000 	-154.000000	55.078490	-160.049162	365.100048	-0.044413	-0.009409	0.022273	0.276856	0.224019	0.409799	-0.138255	-0.024112	-0.006309	0.043998	0.204438	0.199612	0.461660
2021-07-29 06:13:14.000000 	-153.000000	55.078490	-160.049162	365.100048	-0.029922	-0.009254	0.017079	0.343423	0.277891	0.508344	-0.183192	-0.015874	-0.001512	0.031913	0.253596	0.247609	0.572674
2021-07-29 06:13:15.000000 	-152.000000	55.078490	-160.049162	365.100048	-0.029244	-0.017823	0.002279	0.331205	0.268012	0.490270	-0.181045	-0.026221	0.006775	0.021086	0.244575	0.238803	0.552312
2021-07-29 06:13:16.000000 	-151.000000	55.078490	-160.049162	365.100048	-0.045396	-0.014826	0.013951	0.277594	0.224637	0.410921	-0.140974	-0.031149	-0.001553	0.038763	0.204988	0.200151	0.462921
2021-07-29 06:13:17.000000 	-150.000000	55.078490	-160.049162	365.100048	-0.031690	-0.007878	0.023977	0.324628	0.262706	0.480557	-0.169222	-0.012903	-0.003408	0.038251	0.239722	0.234066	0.541368
2021-07-29 06:13:18.000000 	-149.000000	55.078490	-160.049162	365.100048	-0.029397	-0.010708	-0.010078	0.335395	0.271428	0.496509	-0.188937	-0.031422	0.000035	0.009647	0.247676	0.241833	0.559336
2021-07-29 06:13:19.000000 	-148.000000	55.078490	-160.049162	365.100048	-0.042014	-0.029666	0.046011	0.323366	0.261701	0.478713	-0.154327	-0.014342	0.013550	0.066129	0.238795	0.233162	0.539288
2021-07-29 06:13:20.000000 	-147.000000	55.078490	-160.049162	365.100048	-0.015659	-0.003020	-0.003887	0.282087	0.228301	0.417614	-0.160375	-0.015139	-0.002505	0.005829	0.208314	0.203401	0.470457
2021-07-29 06:13:21.000000 	-146.000000	55.078490	-160.049162	365.100048	-0.051801	-0.012615	0.017232	0.374885	0.303414	0.555008	-0.194732	-0.033589	-0.005817	0.044467	0.276844	0.270317	0.625235
2021-07-29 06:13:22.000000 	-145.000000	55.078490	-160.049162	365.100048	-0.035716	-0.013514	0.021842	0.284590	0.230341	0.421340	-0.145093	-0.018804	0.000516	0.039767	0.210166	0.205211	0.474652
2021-07-29 06:13:23.000000 	-144.000000	55.078490	-160.049162	365.100048	-0.041145	-0.021174	0.020111	0.295297	0.239014	0.437202	-0.149506	-0.026123	0.005864	0.042766	0.218074	0.212934	0.492520
2021-07-29 06:13:24.000000 	-143.000000	55.078490	-160.049162	365.100048	-0.029609	-0.011867	0.004034	0.320395	0.259337	0.474372	-0.174707	-0.023832	0.001052	0.021558	0.236611	0.231035	0.534392
2021-07-29 06:13:25.000000 	-142.000000	55.078490	-160.049162	365.100048	-0.035222	-0.013622	0.005025	0.342559	0.277286	0.507201	-0.185392	-0.028081	0.000786	0.025734	0.252982	0.247021	0.571374
2021-07-29 06:13:26.000000 	-141.000000	55.078490	-160.049162	365.100048	-0.033479	-0.000388	0.010044	0.302579	0.244932	0.448016	-0.162092	-0.020163	-0.011059	0.026326	0.223458	0.218194	0.504700
2021-07-29 06:13:27.000000 	-140.000000	55.078490	-160.049162	365.100048	-0.026217	-0.026547	0.029934	0.293833	0.237859	0.435077	-0.148262	-0.010498	0.016008	0.043837	0.217001	0.211890	0.490122
2021-07-29 06:13:28.000000 	-139.000000	55.078490	-160.049162	365.100048	-0.034289	-0.014868	0.013134	0.346169	0.280234	0.512583	-0.184508	-0.023068	0.002276	0.032124	0.255655	0.249634	0.577433
2021-07-29 06:13:29.000000 	-138.000000	55.078490	-160.049162	365.100048	-0.046061	-0.021014	0.017071	0.311827	0.252441	0.461742	-0.158853	-0.031607	0.004036	0.042887	0.230294	0.224871	0.520159
2021-07-29 06:13:30.000000 	-137.000000	55.078490	-160.049162	365.100048	-0.025821	-0.002736	-0.001980	0.335957	0.271984	0.497485	-0.188087	-0.021800	-0.006238	0.012805	0.248117	0.242275	0.560423
2021-07-29 06:13:31.000000 	-136.000000	55.078490	-160.049162	365.100048	-0.042690	-0.016746	0.021230	0.305045	0.246966	0.451721	-0.154831	-0.025434	0.001175	0.043650	0.225289	0.219986	0.508869
2021-07-29 06:13:32.000000 	-135.000000	55.078490	-160.049162	365.100048	-0.018594	-0.007345	0.014545	0.309820	0.250840	0.458804	-0.167994	-0.008060	0.000560	0.023366	0.228819	0.223433	0.516846
2021-07-29 06:13:33.000000 	-134.000000	55.078490	-160.049162	365.100048	-0.036547	-0.015869	-0.001202	0.318128	0.257574	0.471118	-0.172885	-0.033296	0.002446	0.021780	0.234956	0.229427	0.530717
2021-07-29 06:13:34.000000 	-133.000000	55.078490	-160.049162	365.100048	-0.037868	-0.014509	0.023853	0.320032	0.259124	0.473949	-0.164188	-0.019590	0.000717	0.042769	0.236365	0.230804	0.533905
2021-07-29 06:13:35.000000 	-132.000000	55.078490	-160.049162	365.100048	-0.042658	-0.012177	0.028233	0.322908	0.261461	0.478220	-0.163012	-0.020122	-0.003109	0.048482	0.238491	0.232881	0.538715
2021-07-29 06:13:36.000000 	-131.000000	55.078490	-160.049162	365.100048	-0.027628	-0.018644	-0.004602	0.310339	0.251292	0.459617	-0.171897	-0.029145	0.008098	0.014735	0.229211	0.223819	0.517758
2021-07-29 06:13:37.000000 	-130.000000	55.078490	-160.049162	365.100048	-0.033334	-0.008620	0.027812	0.323625	0.262057	0.479303	-0.166607	-0.012182	-0.003272	0.042425	0.239025	0.233404	0.539934
2021-07-29 06:13:38.000000 	-129.000000	55.078490	-160.049162	365.100048	-0.031618	-0.013943	0.011142	0.318978	0.258303	0.472433	-0.170364	-0.021892	0.002318	0.028872	0.235595	0.230056	0.532194
2021-07-29 06:13:39.000000 	-128.000000	55.078490	-160.049162	365.100048	-0.042572	-0.012563	0.006871	0.330345	0.267515	0.489279	-0.175545	-0.032394	-0.002717	0.030995	0.243993	0.238257	0.551169
2021-07-29 06:13:40.000000 	-127.000000	55.078490	-160.049162	365.100048	-0.029669	-0.009150	0.003314	0.305071	0.247057	0.451857	-0.166384	-0.023530	-0.001523	0.020469	0.225328	0.220032	0.509012
2021-07-29 06:13:41.000000 	-126.000000	55.078490	-160.049162	365.100048	-0.027766	-0.005987	0.020723	0.295735	0.239503	0.438039	-0.155054	-0.011212	-0.003846	0.033102	0.218434	0.213301	0.493445
2021-07-29 06:13:42.000000 	-125.000000	55.078490	-160.049162	365.100048	-0.044657	-0.028179	0.020344	0.330854	0.267953	0.490069	-0.168221	-0.030656	0.011250	0.046215	0.244376	0.238634	0.552055
2021-07-29 06:13:43.000000 	-124.000000	55.078490	-160.049162	365.100048	-0.032154	-0.009322	0.020350	0.324190	0.262564	0.480209	-0.170157	-0.015741	-0.002209	0.035808	0.239456	0.233830	0.540947
2021-07-29 06:13:44.000000 	-123.000000	55.078490	-160.049162	365.100048	-0.040059	-0.014511	0.023676	0.323741	0.262209	0.479555	-0.165795	-0.021381	-0.000028	0.043803	0.239127	0.233509	0.540209
2021-07-29 06:13:45.000000 	-122.000000	55.078490	-160.049162	365.100048	-0.024979	-0.015737	-0.005960	0.299424	0.242521	0.443545	-0.167196	-0.027067	0.006270	0.011628	0.221168	0.215973	0.499644
2021-07-29 06:13:46.000000 	-121.000000	55.078490	-160.049162	365.100048	-0.039980	-0.006156	0.027728	0.321134	0.260114	0.475716	-0.163564	-0.016663	-0.007855	0.045451	0.237206	0.231636	0.535883
2021-07-29 06:13:47.000000 	-120.000000	55.078490	-160.049162	365.100048	-0.037005	-0.018599	0.015456	0.308922	0.250231	0.457637	-0.160779	-0.024877	0.004856	0.036218	0.228188	0.222831	0.515516
2021-07-29 06:13:48.000000 	-119.000000	55.078490	-160.049162	365.100048	-0.028675	-0.012820	0.006203	0.333632	0.270255	0.494254	-0.181744	-0.022136	0.002266	0.023020	0.246443	0.240658	0.556763
2021-07-29 06:13:49.000000 	-118.000000	55.078490	-160.049162	365.100048	-0.037329	-0.014644	0.010577	0.329292	0.266747	0.487835	-0.174864	-0.026812	0.001028	0.031620	0.243239	0.237530	0.549531
2021-07-29 06:13:50.000000 	-117.000000	55.078490	-160.049162	365.100048	-0.031138	-0.015340	0.007754	0.308589	0.249985	0.457176	-0.165620	-0.023852	0.003794	0.026110	0.227949	0.222600	0.514993
2021-07-29 06:13:51.000000 	-116.000000	55.078490	-160.049162	365.100048	-0.036827	-0.011012	0.033292	0.273166	0.221296	0.404706	-0.133903	-0.012406	-0.002215	0.049265	0.201785	0.197050	0.455887
2021-07-29 06:13:52.000000 	-115.000000	55.078490	-160.049162	365.100048	-0.026891	-0.010857	-0.010203	0.329478	0.266923	0.488145	-0.186296	-0.029604	0.001030	0.008225	0.243384	0.237674	0.549876
2021-07-29 06:13:53.000000 	-114.000000	55.078490	-160.049162	365.100048	-0.041769	-0.020561	0.020119	0.343913	0.278626	0.509544	-0.177728	-0.026427	0.005075	0.042988	0.254050	0.248091	0.573981
2021-07-29 06:13:54.000000 	-113.000000	55.078490	-160.049162	365.100048	-0.035510	-0.007974	0.025367	0.280945	0.227619	0.416260	-0.142262	-0.015078	-0.004621	0.041465	0.207537	0.202670	0.468899
2021-07-29 06:13:55.000000 	-112.000000	55.078490	-160.049162	365.100048	-0.028805	-0.012864	0.014137	0.340597	0.275958	0.504655	-0.182676	-0.017707	0.002263	0.029604	0.251606	0.245706	0.568471
2021-07-29 06:13:56.000000 	-111.000000	55.078490	-160.049162	365.100048	-0.045976	-0.021843	0.015251	0.344963	0.279504	0.511135	-0.178817	-0.032815	0.004844	0.041511	0.254833	0.248858	0.575769
2021-07-29 06:13:57.000000 	-110.000000	55.078490	-160.049162	365.100048	-0.027153	-0.011680	0.009133	0.292312	0.236851	0.433132	-0.157199	-0.018967	0.001714	0.024381	0.215941	0.210879	0.487902
2021-07-29 06:13:58.000000 	-109.000000	55.078490	-160.049162	365.100048	-0.035603	-0.013910	0.026716	0.299170	0.242416	0.443304	-0.151680	-0.016038	0.000927	0.043781	0.221010	0.215829	0.499359
2021-07-29 06:13:59.000000 	-108.000000	55.078490	-160.049162	365.100048	-0.043017	-0.021315	0.022796	0.314178	0.254584	0.465553	-0.158943	-0.026068	0.005357	0.046002	0.232099	0.226659	0.524420
2021-07-29 06:14:00.000000 	-107.000000	55.078490	-160.049162	365.100048	-0.034101	-0.008090	0.002550	0.354301	0.287106	0.525020	-0.194130	-0.027087	-0.004031	0.022021	0.261742	0.255609	0.591405
2021-07-29 06:14:01.000000 	-106.000000	55.078490	-160.049162	365.100048	-0.031922	-0.018708	0.011646	0.303515	0.245960	0.449774	-0.160563	-0.023170	0.006692	0.030381	0.224226	0.218973	0.506643
2021-07-29 06:14:02.000000 	-105.000000	55.078490	-160.049162	365.100048	-0.040187	-0.008068	0.011346	0.287651	0.233112	0.426275	-0.150209	-0.026735	-0.006128	0.032503	0.212509	0.207531	0.480172
2021-07-29 06:14:03.000000 	-104.000000	55.078490	-160.049162	365.100048	-0.027992	-0.011326	0.025035	0.338587	0.274399	0.501770	-0.177606	-0.010411	0.001095	0.037802	0.250142	0.244284	0.565211
2021-07-29 06:14:04.000000 	-103.000000	55.078490	-160.049162	365.100048	-0.029128	-0.016529	0.010824	0.349515	0.283264	0.517977	-0.188644	-0.020878	0.005598	0.027778	0.258218	0.252171	0.583466
2021-07-29 06:14:05.000000 	-102.000000	55.078490	-160.049162	365.100048	-0.028955	-0.006594	0.008155	0.309759	0.251052	0.459069	-0.167752	-0.019493	-0.003682	0.023556	0.228849	0.223491	0.517109
2021-07-29 06:14:06.000000 	-101.000000	55.078490	-160.049162	365.100048	-0.033562	-0.018513	0.018132	0.274556	0.222528	0.406906	-0.140783	-0.020667	0.005950	0.036543	0.202843	0.198095	0.458351
2021-07-29 06:14:07.000000 	-100.000000	55.078490	-160.049162	365.100048	-0.043871	-0.011819	0.022691	0.342875	0.277909	0.508170	-0.176513	-0.024130	-0.003859	0.044521	0.253320	0.247391	0.572416
2021-07-29 06:14:08.000000 	-99.000000	55.078490	-160.049162	365.100048	-0.041444	-0.011864	0.009159	0.341619	0.276900	0.506321	-0.181697	-0.030019	-0.002990	0.032128	0.252395	0.246489	0.570332
2021-07-29 06:14:09.000000 	-98.000000	55.078490	-160.049162	365.100048	-0.029615	-0.017867	0.024974	0.274598	0.222583	0.406997	-0.139323	-0.013527	0.006689	0.039903	0.202881	0.198134	0.458450
2021-07-29 06:14:10.000000 	-97.000000	55.078490	-160.049162	365.100048	-0.027298	-0.011822	0.000433	0.349879	0.283614	0.518587	-0.193919	-0.024099	0.001798	0.017354	0.258503	0.252456	0.584146
2021-07-29 06:14:11.000000 	-96.000000	55.078490	-160.049162	365.100048	-0.030613	-0.016961	-0.000505	0.276838	0.224413	0.410335	-0.150256	-0.028629	0.005498	0.019372	0.204540	0.199756	0.462208
2021-07-29 06:14:12.000000 	-95.000000	55.078490	-160.049162	365.100048	-0.035589	-0.012160	0.036475	0.339990	0.275615	0.503953	-0.171702	-0.009952	-0.000713	0.051433	0.251203	0.245328	0.567660
2021-07-29 06:14:13.000000 	-94.000000	55.078490	-160.049162	365.100048	-0.030564	-0.011716	0.004497	0.338969	0.274796	0.502451	-0.185125	-0.024260	0.000584	0.022422	0.250451	0.244595	0.565966
2021-07-29 06:14:14.000000 	-93.000000	55.078490	-160.049162	365.100048	-0.037923	-0.014961	0.032786	0.276668	0.224297	0.410112	-0.135436	-0.014646	0.001123	0.050211	0.204421	0.199642	0.461953
2021-07-29 06:14:15.000000 	-92.000000	55.078490	-160.049162	365.100048	-0.030231	-0.013329	-0.005204	0.344533	0.279325	0.510722	-0.191957	-0.030008	0.002214	0.014604	0.254568	0.248617	0.575280
2021-07-29 06:14:16.000000 	-91.000000	55.078490	-160.049162	365.100048	-0.037207	-0.012445	0.028659	0.255393	0.207063	0.378593	-0.125173	-0.015753	-0.000997	0.045950	0.188707	0.184296	0.426449
2021-07-29 06:14:17.000000 	-90.000000	55.078490	-160.049162	365.100048	-0.029885	-0.013668	0.000709	0.380188	0.308251	0.563600	-0.210484	-0.026451	0.002650	0.019332	0.280918	0.274354	0.634840
2021-07-29 06:14:18.000000 	-89.000000	55.078490	-160.049162	365.100048	-0.044061	-0.016202	0.026856	0.268971	0.218085	0.398739	-0.131338	-0.023118	0.000195	0.048894	0.198743	0.194100	0.449139
2021-07-29 06:14:19.000000 	-88.000000	55.078490	-160.049162	365.100048	-0.033235	-0.018648	0.023908	0.312786	0.253620	0.463704	-0.160848	-0.017146	0.006188	0.041129	0.231121	0.225722	0.522314
2021-07-29 06:14:20.000000 	-87.000000	55.078490	-160.049162	365.100048	-0.025164	-0.012067	0.006383	0.280531	0.227473	0.415896	-0.151966	-0.019116	0.002757	0.021131	0.207290	0.202448	0.468462
2021-07-29 06:14:21.000000 	-86.000000	55.078490	-160.049162	365.100048	-0.040683	-0.012368	0.013608	0.360730	0.292513	0.534804	-0.191302	-0.027026	-0.002256	0.035465	0.266553	0.260328	0.602398
2021-07-29 06:14:22.000000 	-85.000000	55.078490	-160.049162	365.100048	-0.020636	-0.009142	0.000082	0.354565	0.287523	0.525676	-0.198926	-0.018416	0.001552	0.012957	0.262001	0.255883	0.592115
2021-07-29 06:14:23.000000 	-84.000000	55.078490	-160.049162	365.100048	-0.039400	-0.010552	0.026589	0.228237	0.185088	0.338391	-0.109706	-0.018098	-0.003525	0.045064	0.168655	0.164717	0.381159
2021-07-29 06:14:24.000000 	-83.000000	55.078490	-160.049162	365.100048	-0.033855	-0.019537	0.004832	0.345734	0.280380	0.512606	-0.187091	-0.028793	0.006813	0.025995	0.255481	0.249517	0.577391
2021-07-29 06:14:25.000000 	-82.000000	55.078490	-160.049162	365.100048	-0.038881	-0.002210	0.018408	0.340463	0.276114	0.504802	-0.179197	-0.020047	-0.011189	0.036447	0.251589	0.245717	0.568599
2021-07-29 06:14:26.000000 	-81.000000	55.078490	-160.049162	365.100048	-0.027591	-0.020484	0.018296	0.308215	0.249969	0.456999	-0.161733	-0.016523	0.009840	0.033849	0.227762	0.222447	0.514753
2021-07-29 06:14:27.000000 	-80.000000	55.078490	-160.049162	365.100048	-0.041772	-0.012583	0.014183	0.338361	0.274428	0.501709	-0.177740	-0.027596	-0.002425	0.036564	0.250042	0.244208	0.565112
2021-07-29 06:14:28.000000 	-79.000000	55.078490	-160.049162	365.100048	-0.031511	-0.007429	0.028078	0.271339	0.220076	0.402340	-0.136836	-0.010292	-0.003769	0.041429	0.200516	0.195838	0.453185
2021-07-29 06:14:29.000000 	-78.000000	55.078490	-160.049162	365.100048	-0.026380	-0.009122	-0.003671	0.324009	0.262805	0.480450	-0.181055	-0.024986	-0.000427	0.012967	0.239442	0.233857	0.541164
2021-07-29 06:14:30.000000 	-77.000000	55.078490	-160.049162	365.100048	-0.031355	-0.023464	0.025446	0.315271	0.255725	0.467503	-0.161625	-0.016164	0.011358	0.042319	0.232987	0.227553	0.526580
2021-07-29 06:14:31.000000 	-76.000000	55.078490	-160.049162	365.100048	-0.029107	-0.008693	0.002065	0.325372	0.263928	0.482493	-0.178935	-0.023684	-0.001760	0.019054	0.240455	0.234848	0.543463
2021-07-29 06:14:32.000000 	-75.000000	55.078490	-160.049162	365.100048	-0.038590	-0.016816	0.024811	0.271128	0.219934	0.402063	-0.134972	-0.020244	0.002639	0.044393	0.200370	0.195698	0.452869
2021-07-29 06:14:33.000000 	-74.000000	55.078490	-160.049162	365.100048	-0.027737	-0.003430	-0.000932	0.334728	0.271534	0.496388	-0.186451	-0.022871	-0.006240	0.014831	0.247375	0.241608	0.559112
2021-07-29 06:14:34.000000 	-73.000000	55.078490	-160.049162	365.100048	-0.040614	-0.016601	0.022227	0.307101	0.249131	0.455429	-0.156356	-0.023223	0.001747	0.043322	0.226961	0.221671	0.512976
2021-07-29 06:14:35.000000 	-72.000000	55.078490	-160.049162	365.100048	-0.033642	-0.011235	0.018349	0.317010	0.257178	0.470134	-0.166230	-0.018568	-0.000918	0.035342	0.234286	0.228827	0.529538
2021-07-29 06:14:36.000000 	-71.000000	55.078490	-160.049162	365.100048	-0.037083	-0.009626	0.008709	0.323859	0.262743	0.480303	-0.173112	-0.026289	-0.003605	0.028975	0.239351	0.233774	0.540990
2021-07-29 06:14:37.000000 	-70.000000	55.078490	-160.049162	365.100048	-0.023552	-0.008676	0.002348	0.321877	0.261143	0.477373	-0.178373	-0.019235	0.000119	0.016293	0.237889	0.232347	0.537689
2021-07-29 06:14:38.000000 	-69.000000	55.078490	-160.049162	365.100048	-0.036732	-0.010033	0.017254	0.302184	0.245175	0.448177	-0.157282	-0.021240	-0.003102	0.035872	0.223338	0.218135	0.504803
2021-07-29 06:14:39.000000 	-68.000000	55.078490	-160.049162	365.100048	-0.024936	-0.014973	0.009558	0.338852	0.274934	0.502571	-0.184340	-0.017936	0.005566	0.024179	0.250441	0.244608	0.566068
2021-07-29 06:14:40.000000 	-67.000000	55.078490	-160.049162	365.100048	-0.043836	-0.022267	0.026917	0.300296	0.243658	0.445396	-0.148966	-0.024607	0.005973	0.050008	0.221947	0.216779	0.501668
2021-07-29 06:14:41.000000 	-66.000000	55.078490	-160.049162	365.100048	-0.034739	-0.013262	0.018320	0.333068	0.270259	0.494015	-0.175049	-0.019998	0.000613	0.036304	0.246172	0.240441	0.556428
2021-07-29 06:14:42.000000 	-65.000000	55.078490	-160.049162	365.100048	-0.035536	-0.006998	0.007856	0.305269	0.247710	0.452792	-0.163361	-0.024849	-0.005547	0.026930	0.225629	0.220376	0.509996
2021-07-29 06:14:43.000000 	-64.000000	55.078490	-160.049162	365.100048	-0.022858	-0.003421	0.005618	0.310835	0.252234	0.461058	-0.171448	-0.015358	-0.004584	0.017575	0.229745	0.224398	0.519305
2021-07-29 06:14:44.000000 	-63.000000	55.078490	-160.049162	365.100048	-0.032929	-0.015860	0.016475	0.295101	0.239475	0.437729	-0.153928	-0.020385	0.003672	0.034326	0.218119	0.213042	0.493028
2021-07-29 06:14:45.000000 	-62.000000	55.078490	-160.049162	365.100048	-0.050465	-0.009998	0.032185	0.302624	0.245588	0.448899	-0.147636	-0.023267	-0.007822	0.055498	0.223682	0.218477	0.505608
2021-07-29 06:14:46.000000 	-61.000000	55.078490	-160.049162	365.100048	-0.029684	-0.016538	0.007894	0.350091	0.284118	0.519321	-0.190031	-0.022986	0.005417	0.025676	0.258771	0.252750	0.584925
2021-07-29 06:14:47.000000 	-60.000000	55.078490	-160.049162	365.100048	-0.038689	-0.016471	0.012178	0.303612	0.246406	0.450384	-0.158788	-0.027455	0.002282	0.034021	0.224418	0.219197	0.507278
2021-07-29 06:14:48.000000 	-59.000000	55.078490	-160.049162	365.100048	-0.029706	-0.006655	0.007228	0.301607	0.244786	0.447419	-0.163220	-0.020619	-0.003880	0.023211	0.222939	0.217753	0.503937
2021-07-29 06:14:49.000000 	-58.000000	55.078490	-160.049162	365.100048	-0.037189	-0.012152	0.021220	0.331326	0.268915	0.491516	-0.172343	-0.019915	-0.001266	0.039784	0.244909	0.239214	0.553603
2021-07-29 06:14:50.000000 	-57.000000	55.078490	-160.049162	365.100048	-0.040152	-0.018071	0.016754	0.330836	0.268527	0.490801	-0.172275	-0.026412	0.003286	0.038873	0.244551	0.238864	0.552797
2021-07-29 06:14:51.000000 	-56.000000	55.078490	-160.049162	365.100048	-0.037167	-0.016713	0.018111	0.306221	0.248556	0.454294	-0.158456	-0.022954	0.003028	0.038114	0.226358	0.221095	0.511677
2021-07-29 06:14:52.000000 	-55.000000	55.078490	-160.049162	365.100048	-0.036217	-0.003823	0.023709	0.312592	0.253736	0.463756	-0.161587	-0.015410	-0.008764	0.039675	0.231071	0.225699	0.522333
2021-07-29 06:14:53.000000 	-54.000000	55.078490	-160.049162	365.100048	-0.030896	-0.018704	0.007841	0.319103	0.259030	0.473426	-0.171459	-0.024557	0.007039	0.026708	0.235887	0.230404	0.533223
2021-07-29 06:14:54.000000 	-53.000000	55.078490	-160.049162	365.100048	-0.033182	-0.011047	0.027763	0.294577	0.239129	0.437048	-0.149669	-0.012772	-0.000938	0.042777	0.217759	0.212699	0.492249
2021-07-29 06:14:55.000000 	-52.000000	55.078490	-160.049162	365.100048	-0.026784	-0.014943	0.010649	0.335405	0.272281	0.497633	-0.181445	-0.018728	0.004907	0.026063	0.247944	0.242183	0.560485
2021-07-29 06:14:56.000000 	-51.000000	55.078490	-160.049162	365.100048	-0.023665	-0.006695	-0.006319	0.319226	0.259155	0.473639	-0.180365	-0.023730	-0.001781	0.008860	0.235987	0.230504	0.533459
2021-07-29 06:14:57.000000 	-50.000000	55.078490	-160.049162	365.100048	-0.051230	-0.021433	0.032279	0.338290	0.274641	0.501935	-0.166976	-0.027002	0.002666	0.058220	0.250083	0.244274	0.565328
2021-07-29 06:14:58.000000 	-49.000000	55.078490	-160.049162	365.100048	-0.027669	-0.007957	0.009939	0.278390	0.226019	0.413068	-0.149151	-0.017861	-0.001961	0.024592	0.205804	0.201024	0.465236
2021-07-29 06:14:59.000000 	-48.000000	55.078490	-160.049162	365.100048	-0.040612	-0.015273	0.015273	0.362111	0.294000	0.537302	-0.191242	-0.026831	0.000499	0.037360	0.267700	0.261483	0.605159
2021-07-29 06:15:00.000000 	-47.000000	55.078490	-160.049162	365.100048	-0.034552	-0.014386	0.017914	0.306961	0.249231	0.455480	-0.159999	-0.020400	0.001734	0.036091	0.226932	0.221663	0.513002
2021-07-29 06:15:01.000000 	-46.000000	55.078490	-160.049162	365.100048	-0.028571	-0.004694	0.007481	0.294108	0.238804	0.436419	-0.159313	-0.019052	-0.005337	0.022425	0.217433	0.212385	0.491532
2021-07-29 06:15:02.000000 	-45.000000	55.078490	-160.049162	365.100048	-0.045514	-0.019311	0.037380	0.335904	0.272750	0.498449	-0.165508	-0.019083	0.002622	0.058912	0.248336	0.242572	0.561395
2021-07-29 06:15:03.000000 	-44.000000	55.078490	-160.049162	365.100048	-0.027044	-0.016846	0.010224	0.303187	0.246192	0.449909	-0.162620	-0.019704	0.006607	0.026226	0.224151	0.218949	0.506724
2021-07-29 06:15:04.000000 	-43.000000	55.078490	-160.049162	365.100048	-0.035108	-0.009746	0.005782	0.337018	0.273672	0.500123	-0.182500	-0.026476	-0.002818	0.025536	0.249166	0.243384	0.563277
2021-07-29 06:15:05.000000 	-42.000000	55.078490	-160.049162	365.100048	-0.035593	-0.015281	0.025633	0.289650	0.235215	0.429839	-0.146526	-0.017034	0.002219	0.043154	0.214148	0.209180	0.484117
2021-07-29 06:15:06.000000 	-41.000000	55.078490	-160.049162	365.100048	-0.028030	-0.013468	0.007353	0.318940	0.259009	0.473316	-0.173008	-0.021163	0.003095	0.023743	0.235807	0.230336	0.533082
2021-07-29 06:15:07.000000 	-40.000000	55.078490	-160.049162	365.100048	-0.041209	-0.004151	0.011746	0.322490	0.261901	0.478595	-0.170524	-0.026199	-0.010159	0.032617	0.238435	0.232904	0.539027
2021-07-29 06:15:08.000000 	-39.000000	55.078490	-160.049162	365.100048	-0.034019	-0.020394	0.032337	0.339607	0.275811	0.504008	-0.172757	-0.013414	0.007562	0.048803	0.251094	0.245270	0.567647
2021-07-29 06:15:09.000000 	-38.000000	55.078490	-160.049162	365.100048	-0.032815	-0.005983	0.012689	0.296467	0.240784	0.439994	-0.157331	-0.019701	-0.005573	0.029231	0.219201	0.214118	0.495549
2021-07-29 06:15:10.000000 	-37.000000	55.078490	-160.049162	365.100048	-0.026537	-0.015819	0.011672	0.306512	0.248950	0.454911	-0.164267	-0.018197	0.005815	0.026940	0.226630	0.221376	0.512348
2021-07-29 06:15:11.000000 	-36.000000	55.078490	-160.049162	365.100048	-0.048615	-0.027160	0.027280	0.326169	0.264924	0.484095	-0.161945	-0.029451	0.008942	0.053833	0.241168	0.235577	0.545216
2021-07-29 06:15:12.000000 	-35.000000	55.078490	-160.049162	365.100048	-0.034150	-0.006258	0.013084	0.319723	0.259697	0.474539	-0.170289	-0.020582	-0.005770	0.030327	0.236405	0.230926	0.534452
2021-07-29 06:15:13.000000 	-34.000000	55.078490	-160.049162	365.100048	-0.026421	-0.007538	0.001954	0.314616	0.255558	0.466969	-0.173695	-0.021353	-0.001929	0.017292	0.232632	0.227241	0.525925
2021-07-29 06:15:14.000000 	-33.000000	55.078490	-160.049162	365.100048	-0.047307	-0.014475	0.040593	0.352344	0.286213	0.522977	-0.173833	-0.017274	-0.002536	0.061567	0.260532	0.254495	0.589003
2021-07-29 06:15:15.000000 	-32.000000	55.078490	-160.049162	365.100048	-0.033662	-0.014655	0.012428	0.285934	0.232275	0.424415	-0.150140	-0.022930	0.002289	0.031166	0.211430	0.206532	0.477996
2021-07-29 06:15:16.000000 	-31.000000	55.078490	-160.049162	365.100048	-0.033665	-0.006196	0.012453	0.322674	0.262129	0.478959	-0.172403	-0.020552	-0.005663	0.029536	0.238600	0.233073	0.539424
2021-07-29 06:15:17.000000 	-30.000000	55.078490	-160.049162	365.100048	-0.032581	-0.019188	0.002315	0.302996	0.246152	0.449760	-0.163684	-0.029154	0.006919	0.023177	0.224053	0.218863	0.506538
2021-07-29 06:15:18.000000 	-29.000000	55.078490	-160.049162	365.100048	-0.035228	-0.017756	0.018687	0.370112	0.300687	0.549397	-0.195859	-0.021422	0.004670	0.037747	0.273686	0.267348	0.618752
2021-07-29 06:15:19.000000 	-28.000000	55.078490	-160.049162	365.100048	-0.040029	-0.013879	0.022036	0.277728	0.225640	0.412271	-0.139878	-0.022120	-0.000612	0.042319	0.205374	0.200619	0.464314
2021-07-29 06:15:20.000000 	-27.000000	55.078490	-160.049162	365.100048	-0.032322	-0.014566	0.031928	0.298599	0.242605	0.443261	-0.150250	-0.010710	0.002663	0.046417	0.220811	0.215699	0.499215
2021-07-29 06:15:21.000000 	-26.000000	55.078490	-160.049162	365.100048	-0.036146	0.001672	0.002452	0.336691	0.273563	0.499818	-0.184416	-0.025987	-0.013906	0.021134	0.248983	0.243219	0.562910
2021-07-29 06:15:22.000000 	-25.000000	55.078490	-160.049162	365.100048	-0.035848	-0.024631	0.015184	0.323904	0.263183	0.480846	-0.169337	-0.025829	0.010921	0.036551	0.239531	0.233987	0.541542
2021-07-29 06:15:23.000000 	-24.000000	55.078490	-160.049162	365.100048	-0.046260	-0.015864	0.026415	0.284949	0.231538	0.423025	-0.140306	-0.024971	-0.000872	0.049650	0.210726	0.205849	0.476421
2021-07-29 06:15:24.000000 	-23.000000	55.078490	-160.049162	365.100048	-0.020793	-0.009751	0.008108	0.305070	0.247896	0.452906	-0.167113	-0.014113	0.002071	0.019742	0.225609	0.220389	0.510072
2021-07-29 06:15:25.000000 	-22.000000	55.078490	-160.049162	365.100048	-0.051357	-0.009137	0.023991	0.332780	0.270421	0.494053	-0.168297	-0.028405	-0.008936	0.049091	0.246105	0.240411	0.556411
2021-07-29 06:15:26.000000 	-21.000000	55.078490	-160.049162	365.100048	-0.020585	-0.013462	0.010624	0.352406	0.286380	0.523201	-0.193224	-0.013550	0.005630	0.022417	0.260623	0.254594	0.589237
2021-07-29 06:15:27.000000 	-20.000000	55.078490	-160.049162	365.100048	-0.041899	-0.012657	0.019049	0.264904	0.215280	0.393300	-0.133128	-0.024929	-0.002399	0.040637	0.195914	0.191382	0.442939
2021-07-29 06:15:28.000000 	-19.000000	55.078490	-160.049162	365.100048	-0.032582	-0.010445	0.024788	0.316081	0.256878	0.469290	-0.163639	-0.013844	-0.001300	0.039897	0.233765	0.228359	0.528519
2021-07-29 06:15:29.000000 	-18.000000	55.078490	-160.049162	365.100048	-0.037195	-0.014422	0.024586	0.338261	0.274913	0.502232	-0.174892	-0.018628	0.000865	0.042990	0.250173	0.244388	0.565617
2021-07-29 06:15:30.000000 	-17.000000	55.078490	-160.049162	365.100048	-0.026480	-0.006000	-0.006421	0.337059	0.273946	0.500458	-0.190106	-0.025763	-0.003395	0.010156	0.249288	0.243524	0.563618
2021-07-29 06:15:31.000000 	-16.000000	55.078490	-160.049162	365.100048	-0.038610	-0.014700	0.027153	0.293914	0.238887	0.436406	-0.147658	-0.018327	0.000644	0.045911	0.217381	0.212356	0.491481
2021-07-29 06:15:32.000000 	-15.000000	55.078490	-160.049162	365.100048	-0.047123	-0.020897	0.032985	0.320368	0.260397	0.475695	-0.157602	-0.023283	0.003564	0.056485	0.236950	0.231473	0.535726
2021-07-29 06:15:33.000000 	-14.000000	55.078490	-160.049162	365.100048	-0.032053	-0.008529	0.001782	0.318446	0.258844	0.472851	-0.174302	-0.026070	-0.002920	0.020375	0.235532	0.230089	0.532522
2021-07-29 06:15:34.000000 	-13.000000	55.078490	-160.049162	365.100048	-0.030385	-0.017736	0.009504	0.290310	0.235983	0.431082	-0.154420	-0.022940	0.006304	0.027607	0.214725	0.209764	0.485481
2021-07-29 06:15:35.000000 	-12.000000	55.078490	-160.049162	365.100048	-0.044984	-0.007580	0.034825	0.369943	0.300723	0.549340	-0.187762	-0.016855	-0.008224	0.054241	0.273629	0.267307	0.618661
2021-07-29 06:15:36.000000 	-11.000000	55.078490	-160.049162	365.100048	-0.026145	-0.007125	-0.001920	0.276402	0.224693	0.410447	-0.153127	-0.023243	-0.002224	0.013886	0.204444	0.199722	0.462240
2021-07-29 06:15:37.000000 	-10.000000	55.078490	-160.049162	365.100048	-0.041133	-0.017650	0.026506	0.302489	0.245907	0.449194	-0.151854	-0.021467	0.002555	0.047314	0.223743	0.218575	0.505875
2021-07-29 06:15:38.000000 	-9.000000	55.078490	-160.049162	365.100048	-0.037343	-0.010486	0.025149	0.331624	0.269602	0.492469	-0.171208	-0.017318	-0.002885	0.042764	0.245297	0.239632	0.554609
2021-07-29 06:15:39.000000 	-8.000000	55.078490	-160.049162	365.100048	-0.036410	-0.011524	0.003305	0.357470	0.290624	0.530862	-0.194847	-0.029394	-0.001591	0.024553	0.264419	0.258313	0.597845
2021-07-29 06:15:40.000000 	-7.000000	55.078490	-160.049162	365.100048	-0.021377	-0.015939	0.007962	0.320947	0.260939	0.476633	-0.175544	-0.016377	0.007688	0.021145	0.237406	0.231925	0.536772
2021-07-29 06:15:41.000000 	-6.000000	55.078490	-160.049162	365.100048	-0.051137	-0.007160	0.023079	0.306592	0.249277	0.455324	-0.153644	-0.028204	-0.010718	0.047838	0.226792	0.221556	0.512773
2021-07-29 06:15:42.000000 	-5.000000	55.078490	-160.049162	365.100048	-0.028133	-0.015968	0.016199	0.299885	0.243832	0.445372	-0.158261	-0.016877	0.005410	0.031540	0.221834	0.216713	0.501564
2021-07-29 06:15:43.000000 	-4.000000	55.078490	-160.049162	365.100048	-0.034954	-0.015303	0.024343	0.321587	0.261486	0.477612	-0.165860	-0.017286	0.002457	0.041758	0.237891	0.232401	0.537871
2021-07-29 06:15:44.000000 	-3.000000	55.078490	-160.049162	365.100048	-0.035571	-0.005757	0.016148	0.324743	0.264062	0.482309	-0.171726	-0.019782	-0.006726	0.033505	0.240229	0.234686	0.543159
2021-07-29 06:15:45.000000 	-2.000000	55.078490	-160.049162	365.100048	-0.036228	-0.018382	0.011313	0.335192	0.272568	0.497840	-0.178116	-0.026589	0.004917	0.032361	0.247963	0.242242	0.560647
2021-07-29 06:15:46.000000 	-1.000000	55.078490	-160.049162	365.100048	-0.033550	-0.007383	0.009880	0.314533	0.255777	0.467165	-0.168642	-0.022268	-0.004508	0.027597	0.232683	0.227316	0.526100
2021-07-29 06:15:47.000000 	0.000000	55.078490	-160.049162	365.100048	-0.043609	-0.018285	0.029377	0.340656	0.277030	0.505975	-0.172191	-0.021909	0.002308	0.051125	0.252013	0.246200	0.569806
2021-07-29 06:15:48.000000 	1.000000	55.078490	-160.049162	365.100048	-0.024589	-0.015384	0.011002	0.277351	0.225557	0.411956	-0.148253	-0.016957	0.006071	0.025257	0.205183	0.200451	0.463925
2021-07-29 06:15:49.000000 	2.000000	55.078490	-160.049162	365.100048	-0.044306	-0.008344	0.015551	0.342366	0.278440	0.508535	-0.179402	-0.027580	-0.007275	0.038221	0.253285	0.247445	0.572685
2021-07-29 06:15:50.000000 	3.000000	55.078490	-160.049162	365.100048	-0.028741	-0.006417	0.013541	0.290484	0.236254	0.431481	-0.154729	-0.016195	-0.003775	0.027822	0.214906	0.209951	0.485910
2021-07-29 06:15:51.000000 	4.000000	55.078490	-160.049162	365.100048	-0.043759	-0.026042	0.025495	0.359019	0.292004	0.533292	-0.183439	-0.026418	0.009548	0.049537	0.265614	0.259491	0.600563
2021-07-29 06:15:52.000000 	5.000000	55.078490	-160.049162	365.100048	-0.033706	-0.007151	0.025290	0.284560	0.231452	0.422699	-0.145185	-0.013501	-0.004780	0.040270	0.210530	0.205677	0.476017
2021-07-29 06:15:53.000000 	6.000000	55.078490	-160.049162	365.100048	-0.037100	-0.015692	0.018587	0.352250	0.286518	0.523259	-0.185315	-0.022344	0.002091	0.038269	0.260614	0.254608	0.589260
2021-07-29 06:15:54.000000 	7.000000	55.078490	-160.049162	365.100048	-0.034138	-0.007025	0.002252	0.297957	0.242365	0.442617	-0.161784	-0.026987	-0.005045	0.021589	0.220449	0.215369	0.498446
2021-07-29 06:15:55.000000 	8.000000	55.078490	-160.049162	365.100048	-0.026395	-0.012212	0.019940	0.330271	0.268659	0.490628	-0.175367	-0.012346	0.002473	0.032938	0.244360	0.238730	0.552511
2021-07-29 06:15:56.000000 	9.000000	55.078490	-160.049162	365.100048	-0.043340	-0.009569	0.020964	0.295955	0.240753	0.439660	-0.150450	-0.024080	-0.005793	0.042379	0.218974	0.213929	0.495112
2021-07-29 06:15:57.000000 	10.000000	55.078490	-160.049162	365.100048	-0.032469	-0.014910	0.023094	0.328172	0.266970	0.487530	-0.170950	-0.015976	0.002937	0.039320	0.242815	0.237222	0.549019
2021-07-29 06:15:58.000000 	11.000000	55.078490	-160.049162	365.100048	-0.048274	-0.011087	0.014243	0.358955	0.292022	0.533272	-0.188121	-0.032155	-0.006050	0.039821	0.265596	0.259479	0.600529
2021-07-29 06:15:59.000000 	12.000000	55.078490	-160.049162	365.100048	-0.024289	-0.013297	0.011559	0.306580	0.249422	0.455471	-0.165368	-0.015824	0.004212	0.025145	0.226846	0.221622	0.512914
2021-07-29 06:16:00.000000 	13.000000	55.078490	-160.049162	365.100048	-0.034557	-0.011298	0.011801	0.317231	0.258096	0.471304	-0.168803	-0.023040	-0.001172	0.030478	0.234731	0.229326	0.530743
2021-07-29 06:16:01.000000 	14.000000	55.078490	-160.049162	365.100048	-0.034536	-0.013480	0.024333	0.342853	0.278952	0.509381	-0.178587	-0.016460	0.000887	0.041168	0.253694	0.247853	0.573620
2021-07-29 06:16:02.000000 	15.000000	55.078490	-160.049162	365.100048	-0.026396	-0.009302	0.004508	0.272578	0.221783	0.404980	-0.148202	-0.020366	-0.000263	0.019717	0.201697	0.197054	0.456052
2021-07-29 06:16:03.000000 	16.000000	55.078490	-160.049162	365.100048	-0.046302	-0.015238	0.027893	0.325837	0.265126	0.484120	-0.163728	-0.023982	-0.001475	0.050762	0.241111	0.235562	0.545170
2021-07-29 06:16:04.000000 	17.000000	55.078490	-160.049162	365.100048	-0.028544	-0.011591	0.012688	0.289453	0.235529	0.430069	-0.154001	-0.017979	0.001156	0.028027	0.214191	0.209262	0.484302
2021-07-29 06:16:05.000000 	18.000000	55.078490	-160.049162	365.100048	-0.034481	-0.021190	0.025084	0.300077	0.244182	0.445863	-0.152548	-0.018145	0.008153	0.043260	0.222056	0.216946	0.502086
2021-07-29 06:16:06.000000 	19.000000	55.078490	-160.049162	365.100048	-0.041421	-0.011038	0.010180	0.352970	0.287233	0.524464	-0.188261	-0.029185	-0.003757	0.032791	0.261201	0.255192	0.590596
2021-07-29 06:16:07.000000 	20.000000	55.078490	-160.049162	365.100048	-0.031451	-0.009663	0.024038	0.301193	0.245108	0.447540	-0.155770	-0.013183	-0.001649	0.038521	0.222889	0.217762	0.503971
2021-07-29 06:16:08.000000 	21.000000	55.078490	-160.049162	365.100048	-0.041839	-0.014343	0.017875	0.297057	0.241750	0.441402	-0.152257	-0.026027	-0.000794	0.039972	0.219832	0.214776	0.497059
2021-07-29 06:16:09.000000 	22.000000	55.078490	-160.049162	365.100048	-0.027821	-0.011887	0.001878	0.371617	0.302439	0.552203	-0.206103	-0.023694	0.001681	0.018832	0.275013	0.268689	0.621828
2021-07-29 06:16:10.000000 	23.000000	55.078490	-160.049162	365.100048	-0.039836	-0.014000	0.046969	0.256269	0.208571	0.380809	-0.117585	-0.007732	-0.000433	0.062682	0.189654	0.185293	0.428823
2021-07-29 06:16:11.000000 	24.000000	55.078490	-160.049162	365.100048	-0.032779	-0.010130	-0.003103	0.346959	0.282392	0.515584	-0.192450	-0.029874	-0.001662	0.017073	0.256774	0.250871	0.580589
2021-07-29 06:16:12.000000 	25.000000	55.078490	-160.049162	365.100048	-0.033138	-0.013010	0.015862	0.322179	0.262232	0.478769	-0.170359	-0.020100	0.000923	0.033379	0.238439	0.232958	0.539131
2021-07-29 06:16:13.000000 	26.000000	55.078490	-160.049162	365.100048	-0.049521	-0.016276	0.029088	0.303202	0.246794	0.450577	-0.149001	-0.026069	-0.001598	0.053677	0.224398	0.219240	0.507383
2021-07-29 06:16:14.000000 	27.000000	55.078490	-160.049162	365.100048	-0.021619	-0.012370	0.000164	0.354080	0.288217	0.526196	-0.198242	-0.020029	0.004250	0.014184	0.262057	0.256035	0.592534
2021-07-29 06:16:15.000000 	28.000000	55.078490	-160.049162	365.100048	-0.040600	-0.017935	0.025068	0.296203	0.241115	0.440194	-0.148960	-0.021959	0.003005	0.045904	0.219226	0.214188	0.495688
2021-07-29 06:16:16.000000 	29.000000	55.078490	-160.049162	365.100048	-0.037440	-0.012961	0.027755	0.371268	0.302229	0.551759	-0.193040	-0.016595	-0.000592	0.045435	0.274787	0.268473	0.621317
2021-07-29 06:16:17.000000 	30.000000	55.078490	-160.049162	365.100048	-0.040683	-0.011502	0.013643	0.271348	0.220898	0.403272	-0.139548	-0.026764	-0.003070	0.035325	0.200837	0.196223	0.454109
2021-07-29 06:16:18.000000 	31.000000	55.078490	-160.049162	365.100048	-0.022589	-0.008206	0.020937	0.306822	0.249785	0.456001	-0.162863	-0.007720	0.000005	0.030925	0.227096	0.221880	0.513483
2021-07-29 06:16:19.000000 	32.000000	55.078490	-160.049162	365.100048	-0.037426	-0.018820	0.025943	0.322052	0.262193	0.478645	-0.164493	-0.019259	0.004920	0.045087	0.238373	0.232898	0.538981
2021-07-29 06:16:20.000000 	33.000000	55.078490	-160.049162	365.100048	-0.026895	-0.009674	-0.003614	0.278441	0.226695	0.413837	-0.154544	-0.025504	-0.000084	0.013399	0.206097	0.201364	0.466002
2021-07-29 06:16:21.000000 	34.000000	55.078490	-160.049162	365.100048	-0.038659	-0.011018	0.033081	0.346341	0.281987	0.514764	-0.176309	-0.013941	-0.002834	0.050079	0.256360	0.250473	0.579650
2021-07-29 06:16:22.000000 	35.000000	55.078490	-160.049162	365.100048	-0.035618	-0.010923	0.014794	0.333550	0.271582	0.495762	-0.176932	-0.022039	-0.001885	0.033429	0.246896	0.241227	0.558251
2021-07-29 06:16:23.000000 	36.000000	55.078490	-160.049162	365.100048	-0.037967	-0.014579	0.030305	0.286584	0.233350	0.425964	-0.142461	-0.015993	0.000749	0.048126	0.212135	0.207265	0.479654
2021-07-29 06:16:24.000000 	37.000000	55.078490	-160.049162	365.100048	-0.031556	-0.009808	0.033080	0.308061	0.250847	0.457896	-0.156145	-0.008129	-0.001548	0.046019	0.228037	0.222803	0.515609
2021-07-29 06:16:25.000000 	38.000000	55.078490	-160.049162	365.100048	-0.023315	-0.010570	0.004575	0.337066	0.274474	0.501017	-0.186429	-0.018308	0.001980	0.018361	0.249511	0.243785	0.564164
2021-07-29 06:16:26.000000 	39.000000	55.078490	-160.049162	365.100048	-0.030688	-0.023861	0.026601	0.283049	0.230496	0.420734	-0.142797	-0.015100	0.011958	0.042985	0.209529	0.204721	0.473760
2021-07-29 06:16:27.000000 	40.000000	55.078490	-160.049162	365.100048	-0.023147	-0.015860	0.024431	0.334526	0.272425	0.497261	-0.176584	-0.008292	0.007010	0.035585	0.247640	0.241958	0.559931
2021-07-29 06:16:28.000000 	41.000000	55.078490	-160.049162	365.100048	-0.045595	-0.012353	0.005902	0.350711	0.285616	0.521330	-0.187233	-0.035218	-0.003946	0.031787	0.259626	0.253670	0.587031
2021-07-29 06:16:29.000000 	42.000000	55.078490	-160.049162	365.100048	-0.051550	-0.021798	0.029099	0.296304	0.241316	0.440462	-0.143751	-0.029172	0.002901	0.055856	0.219353	0.214321	0.495971
2021-07-29 06:16:30.000000 	43.000000	55.078490	-160.049162	365.100048	-0.020654	-0.004861	0.006255	0.292748	0.238428	0.435185	-0.161391	-0.013698	-0.002478	0.017192	0.216724	0.211754	0.490027
2021-07-29 06:16:31.000000 	44.000000	55.078490	-160.049162	365.100048	-0.043359	-0.019715	0.017268	0.358196	0.291743	0.532486	-0.187130	-0.029048	0.003737	0.041341	0.265180	0.259099	0.599589
2021-07-29 06:16:32.000000 	45.000000	55.078490	-160.049162	365.100048	-0.020843	-0.017631	0.017969	0.317162	0.258330	0.471495	-0.169482	-0.010711	0.009461	0.029393	0.234806	0.229422	0.530909
2021-07-29 06:16:33.000000 	46.000000	55.078490	-160.049162	365.100048	-0.049995	-0.004472	0.032366	0.333172	0.271380	0.495305	-0.166281	-0.021256	-0.012855	0.054314	0.246663	0.241008	0.557718
2021-07-29 06:16:34.000000 	47.000000	55.078490	-160.049162	365.100048	-0.040302	-0.020638	-0.028734	0.281429	0.229242	0.418390	-0.159758	-0.053284	0.005648	0.002158	0.208359	0.203583	0.471110
2021-07-29 06:16:35.000000 	48.000000	55.078490	-160.049162	365.100048	-0.041128	-0.019375	0.023658	0.303312	0.247076	0.450932	-0.153379	-0.023576	0.004179	0.045313	0.224565	0.219418	0.507751
2021-07-29 06:16:36.000000 	49.000000	55.078490	-160.049162	365.100048	-0.045114	-0.008110	0.021021	0.314116	0.255886	0.467002	-0.160728	-0.025006	-0.007770	0.043096	0.232568	0.227238	0.525845
2021-07-29 06:16:37.000000 	50.000000	55.078490	-160.049162	365.100048	-0.044708	-0.015027	0.003497	0.336341	0.274001	0.500054	-0.179746	-0.036660	-0.001130	0.029860	0.249027	0.243321	0.563060
2021-07-29 06:16:38.000000 	51.000000	55.078490	-160.049162	365.100048	-0.023899	-0.006552	0.006428	0.279688	0.227857	0.415834	-0.152682	-0.016573	-0.001996	0.019410	0.207085	0.202340	0.468227
2021-07-29 06:16:39.000000 	52.000000	55.078490	-160.049162	365.100048	-0.051078	-0.007150	0.016251	0.322740	0.262940	0.479851	-0.165850	-0.032065	-0.010707	0.042207	0.238966	0.233491	0.540308
2021-07-29 06:16:40.000000 	53.000000	55.078490	-160.049162	365.100048	-0.046633	-0.022393	0.045818	0.316994	0.258267	0.471316	-0.150697	-0.015978	0.005137	0.067035	0.234715	0.229338	0.530696
2021-07-29 06:16:41.000000 	54.000000	55.078490	-160.049162	365.100048	-0.037712	-0.001496	0.004874	0.330764	0.269495	0.491799	-0.179489	-0.026694	-0.011461	0.024582	0.244915	0.239306	0.553758
2021-07-29 06:16:42.000000 	55.000000	55.078490	-160.049162	365.100048	-0.045502	-0.017640	0.005718	0.281186	0.229110	0.418092	-0.146115	-0.036732	0.001055	0.032619	0.208209	0.203441	0.470764
2021-07-29 06:16:43.000000 	56.000000	55.078490	-160.049162	365.100048	-0.026344	0.001406	0.032914	0.289353	0.235772	0.430243	-0.147817	-0.001069	-0.010311	0.040888	0.214260	0.209354	0.484444
2021-07-29 06:16:44.000000 	57.000000	55.078490	-160.049162	365.100048	-0.034529	-0.012262	0.018727	0.357000	0.290904	0.530839	-0.189271	-0.019323	-0.000255	0.036330	0.264356	0.258304	0.597711
2021-07-29 06:16:45.000000 	58.000000	55.078490	-160.049162	365.100048	-0.025779	-0.001883	0.029788	0.313621	0.255565	0.466345	-0.163075	-0.003343	-0.007026	0.038664	0.232239	0.226922	0.525091
2021-07-29 06:16:46.000000 	59.000000	55.078490	-160.049162	365.100048	-0.052308	-0.023844	0.014029	0.326389	0.265979	0.485340	-0.166626	-0.038955	0.004565	0.044307	0.241698	0.236166	0.546477
2021-07-29 06:16:47.000000 	60.000000	55.078490	-160.049162	365.100048	-0.036854	-0.001771	-0.000600	0.323833	0.263905	0.481547	-0.177772	-0.029243	-0.010910	0.019685	0.239809	0.234321	0.542205
2021-07-29 06:16:48.000000 	61.000000	55.078490	-160.049162	365.100048	-0.022710	-0.009801	0.031499	0.302129	0.246227	0.449282	-0.155754	-0.002214	0.001464	0.039962	0.223741	0.218621	0.505874
2021-07-29 06:16:49.000000 	62.000000	55.078490	-160.049162	365.100048	-0.025996	-0.018084	0.025666	0.305146	0.248695	0.453777	-0.158074	-0.010403	0.008128	0.038566	0.225980	0.220809	0.510934
2021-07-29 06:16:50.000000 	63.000000	55.078490	-160.049162	365.100048	-0.046273	-0.023028	0.015262	0.298045	0.242916	0.443225	-0.151554	-0.033370	0.005857	0.041911	0.220724	0.215675	0.499051
2021-07-29 06:16:51.000000 	64.000000	55.078490	-160.049162	365.100048	-0.033286	-0.001384	0.013488	0.383409	0.312501	0.570181	-0.208124	-0.018321	-0.010057	0.029241	0.283948	0.277453	0.641996
2021-07-29 06:16:52.000000 	65.000000	55.078490	-160.049162	365.100048	-0.039491	-0.017958	0.019237	0.249009	0.202965	0.370317	-0.124071	-0.024449	0.003405	0.040531	0.184417	0.180199	0.416958
2021-07-29 06:16:53.000000 	66.000000	55.078490	-160.049162	365.100048	-0.038692	-0.017861	0.042512	0.369752	0.301392	0.549891	-0.185513	-0.010482	0.003587	0.059166	0.273844	0.267581	0.619148
2021-07-29 06:16:54.000000 	67.000000	55.078490	-160.049162	365.100048	-0.033700	-0.004731	0.004945	0.292041	0.238057	0.434329	-0.157823	-0.024466	-0.007052	0.023113	0.216294	0.211348	0.489029
2021-07-29 06:16:55.000000 	68.000000	55.078490	-160.049162	365.100048	-0.048552	-0.025251	0.027978	0.299870	0.244447	0.445980	-0.146828	-0.028469	0.007169	0.053998	0.222097	0.217018	0.502146
2021-07-29 06:16:56.000000 	69.000000	55.078490	-160.049162	365.100048	-0.014263	-0.011838	0.012328	0.311408	0.253862	0.463148	-0.170834	-0.007248	0.006260	0.020095	0.230646	0.225373	0.521475
2021-07-29 06:16:57.000000 	70.000000	55.078490	-160.049162	365.100048	-0.031869	-0.017744	0.014375	0.307564	0.250737	0.457439	-0.162368	-0.021297	0.005805	0.032401	0.227803	0.222596	0.515045
2021-07-29 06:16:58.000000 	71.000000	55.078490	-160.049162	365.100048	-0.039958	-0.017644	0.015336	0.314357	0.256284	0.467551	-0.163634	-0.026955	0.002951	0.037522	0.232839	0.227517	0.526429
2021-07-29 06:16:59.000000 	72.000000	55.078490	-160.049162	365.100048	-0.015610	-0.005436	0.011051	0.319401	0.260406	0.475063	-0.176339	-0.007226	-0.000217	0.018523	0.236580	0.231173	0.534885
2021-07-29 06:17:00.000000 	73.000000	55.078490	-160.049162	365.100048	-0.039936	-0.005640	0.023905	0.315702	0.257399	0.469569	-0.162375	-0.018673	-0.008325	0.042192	0.233844	0.228501	0.528698
2021-07-29 06:17:01.000000 	74.000000	55.078490	-160.049162	365.100048	-0.038549	-0.006837	0.022680	0.363831	0.296651	0.541165	-0.191168	-0.018640	-0.006727	0.040674	0.269499	0.263342	0.609308
2021-07-29 06:17:02.000000 	75.000000	55.078490	-160.049162	365.100048	-0.051549	-0.024979	0.047006	0.280158	0.228437	0.416717	-0.127011	-0.019810	0.005891	0.071160	0.207525	0.202784	0.469188
2021-07-29 06:17:03.000000 	76.000000	55.078490	-160.049162	365.100048	-0.020439	-0.012557	0.007867	0.353295	0.288081	0.525513	-0.195240	-0.014763	0.004829	0.019902	0.261705	0.255727	0.591681
2021-07-29 06:17:04.000000 	77.000000	55.078490	-160.049162	365.100048	-0.041882	-0.007560	0.027494	0.276508	0.225477	0.411303	-0.137363	-0.018655	-0.007184	0.046557	0.204829	0.200150	0.463089
2021-07-29 06:17:05.000000 	78.000000	55.078490	-160.049162	365.100048	-0.029741	-0.009666	0.013171	0.351298	0.286473	0.522560	-0.189805	-0.018087	-0.001062	0.028691	0.260235	0.254292	0.588353
2021-07-29 06:17:06.000000 	79.000000	55.078490	-160.049162	365.100048	-0.028461	-0.007604	0.015587	0.349646	0.285137	0.520112	-0.188469	-0.015140	-0.002563	0.029581	0.259016	0.253102	0.585595
2021-07-29 06:17:07.000000 	80.000000	55.078490	-160.049162	365.100048	-0.036768	-0.012953	0.003763	0.235572	0.192116	0.350430	-0.123490	-0.029807	-0.000370	0.025400	0.174514	0.170530	0.394548
2021-07-29 06:17:08.000000 	81.000000	55.078490	-160.049162	365.100048	-0.053919	-0.010519	0.018271	0.372276	0.303614	0.553797	-0.192915	-0.034040	-0.008510	0.046049	0.275792	0.269496	0.623517
2021-07-29 06:17:09.000000 	82.000000	55.078490	-160.049162	365.100048	-0.045019	-0.014274	0.027649	0.301577	0.245963	0.448632	-0.150335	-0.022863	-0.001944	0.049683	0.223420	0.218320	0.505111
2021-07-29 06:17:10.000000 	83.000000	55.078490	-160.049162	365.100048	-0.035545	-0.009207	0.024353	0.368184	0.300298	0.547728	-0.193683	-0.016031	-0.003474	0.040893	0.272770	0.266545	0.616681
2021-07-29 06:17:11.000000 	84.000000	55.078490	-160.049162	365.100048	-0.034359	-0.011892	0.028616	0.279224	0.227749	0.415395	-0.140285	-0.013427	-0.000545	0.044275	0.206868	0.202147	0.467687
2021-07-29 06:17:12.000000 	85.000000	55.078490	-160.049162	365.100048	-0.032716	-0.006126	0.013513	0.304742	0.248572	0.453365	-0.162131	-0.019193	-0.005405	0.029881	0.225778	0.220626	0.510435
2021-07-29 06:17:13.000000 	86.000000	55.078490	-160.049162	365.100048	-0.028327	-0.013376	0.013549	0.353070	0.288003	0.525273	-0.190702	-0.017818	0.002907	0.028964	0.261589	0.255620	0.591393
2021-07-29 06:17:14.000000 	87.000000	55.078490	-160.049162	365.100048	-0.048225	-0.024409	0.022961	0.277235	0.226151	0.412457	-0.135746	-0.030853	0.006489	0.049544	0.205406	0.200720	0.464375
2021-07-29 06:17:15.000000 	88.000000	55.078490	-160.049162	365.100048	-0.019126	-0.006337	0.009332	0.327392	0.267076	0.487088	-0.180688	-0.011172	-0.000569	0.019181	0.242573	0.237040	0.548398
2021-07-29 06:17:16.000000 	89.000000	55.078490	-160.049162	365.100048	-0.035086	-0.016929	0.034323	0.257889	0.210386	0.383689	-0.124827	-0.012130	0.003942	0.050329	0.191080	0.186722	0.431983
2021-07-29 06:17:17.000000 	90.000000	55.078490	-160.049162	365.100048	-0.027950	0.003388	0.031420	0.306312	0.249898	0.455741	-0.158111	-0.002607	-0.012722	0.040140	0.226963	0.221787	0.513103
2021-07-29 06:17:18.000000 	91.000000	55.078490	-160.049162	365.100048	-0.036001	-0.009868	0.010783	0.385631	0.314621	0.573766	-0.208967	-0.024335	-0.003008	0.030141	0.285741	0.279226	0.645980
2021-07-29 06:17:19.000000 	92.000000	55.078490	-160.049162	365.100048	-0.052571	-0.018367	0.019140	0.268132	0.218765	0.398950	-0.131209	-0.034700	-0.000673	0.047569	0.198681	0.194151	0.449160
2021-07-29 06:17:20.000000 	93.000000	55.078490	-160.049162	365.100048	-0.035637	-0.012609	0.006722	0.337723	0.275555	0.502503	-0.182451	-0.027146	-0.000308	0.027150	0.250252	0.244548	0.565745
2021-07-29 06:17:21.000000 	94.000000	55.078490	-160.049162	365.100048	-0.031694	-0.024351	0.019320	0.294232	0.240078	0.437800	-0.151970	-0.020181	0.012075	0.037652	0.218030	0.213060	0.492897
2021-07-29 06:17:22.000000 	95.000000	55.078490	-160.049162	365.100048	-0.040621	-0.023572	0.009375	0.324415	0.264716	0.482719	-0.170919	-0.032536	0.008297	0.034149	0.240401	0.234922	0.543467
2021-07-29 06:17:23.000000 	96.000000	55.078490	-160.049162	365.100048	-0.042779	-0.009813	0.000031	0.304589	0.248547	0.453225	-0.163774	-0.035698	-0.005372	0.024962	0.225713	0.220569	0.510260
2021-07-29 06:17:24.000000 	97.000000	55.078490	-160.049162	365.100048	-0.043958	-0.022985	0.016046	0.318429	0.259850	0.473828	-0.163986	-0.031125	0.006606	0.041300	0.235974	0.230597	0.533455
2021-07-29 06:17:25.000000 	98.000000	55.078490	-160.049162	365.100048	-0.037468	-0.004120	0.006709	0.304975	0.248880	0.453816	-0.163709	-0.026189	-0.008911	0.026467	0.226008	0.220859	0.510922
2021-07-29 06:17:26.000000 	99.000000	55.078490	-160.049162	365.100048	-0.038903	-0.007749	0.038521	0.349325	0.285083	0.519819	-0.176325	-0.010100	-0.005990	0.054032	0.258880	0.252982	0.585229
2021-07-29 06:17:27.000000 	100.000000	55.078490	-160.049162	365.100048	-0.043088	-0.008929	0.025557	0.279895	0.228430	0.416511	-0.139665	-0.021077	-0.006309	0.045885	0.207431	0.202706	0.468920
2021-07-29 06:17:28.000000 	101.000000	55.078490	-160.049162	365.100048	-0.034382	-0.003847	0.025885	0.354213	0.289094	0.527112	-0.185855	-0.012758	-0.008115	0.040476	0.262513	0.256534	0.593436
2021-07-29 06:17:29.000000 	102.000000	55.078490	-160.049162	365.100048	-0.031898	-0.021252	0.020025	0.269313	0.219810	0.400777	-0.137535	-0.019067	0.009093	0.037735	0.199596	0.195051	0.451204
2021-07-29 06:17:30.000000 	103.000000	55.078490	-160.049162	365.100048	-0.017581	0.001024	0.010138	0.366343	0.299016	0.545182	-0.204165	-0.007460	-0.006962	0.017573	0.271514	0.265331	0.613776
2021-07-29 06:17:31.000000 	104.000000	55.078490	-160.049162	365.100048	-0.051353	-0.008384	0.035455	0.283425	0.231346	0.421794	-0.135389	-0.021629	-0.009641	0.058342	0.210064	0.205281	0.474861
2021-07-29 06:17:32.000000 	105.000000	55.078490	-160.049162	365.100048	-0.023162	-0.004642	0.042649	0.318734	0.260176	0.474348	-0.161330	0.005265	-0.003540	0.048340	0.236238	0.230860	0.534026
2021-07-29 06:17:33.000000 	106.000000	55.078490	-160.049162	365.100048	-0.036299	-0.017236	0.020534	0.306417	0.250131	0.456025	-0.158220	-0.021044	0.003816	0.039736	0.227113	0.221944	0.513396
2021-07-29 06:17:34.000000 	107.000000	55.078490	-160.049162	365.100048	-0.036125	-0.016699	0.026235	0.331987	0.271013	0.494088	-0.171001	-0.017497	0.003371	0.044212	0.246071	0.240470	0.556246
2021-07-29 06:17:35.000000 	108.000000	55.078490	-160.049162	365.100048	-0.021629	-0.003714	0.012407	0.352743	0.287968	0.524988	-0.193862	-0.010607	-0.003889	0.022537	0.261461	0.255510	0.591031
2021-07-29 06:17:36.000000 	109.000000	55.078490	-160.049162	365.100048	-0.031235	-0.025642	0.034043	0.257267	0.210033	0.382898	-0.124603	-0.011760	0.013445	0.049729	0.190696	0.186357	0.431065
2021-07-29 06:17:37.000000 	110.000000	55.078490	-160.049162	365.100048	-0.040081	-0.018035	0.005527	0.310134	0.253202	0.461589	-0.164916	-0.032774	0.003276	0.029622	0.229887	0.224657	0.519654
2021-07-29 06:17:38.000000 	111.000000	55.078490	-160.049162	365.100048	-0.037280	-0.016404	0.031853	0.300357	0.245230	0.447046	-0.150076	-0.015088	0.002699	0.049382	0.222645	0.217580	0.503279
2021-07-29 06:17:39.000000 	112.000000	55.078490	-160.049162	365.100048	-0.039631	-0.020920	0.012646	0.334200	0.272871	0.497425	-0.176072	-0.029158	0.006142	0.035781	0.247737	0.242101	0.559994
2021-07-29 06:17:40.000000 	113.000000	55.078490	-160.049162	365.100048	-0.039486	-0.020876	-0.004580	0.291904	0.238345	0.434478	-0.157813	-0.038896	0.006150	0.021570	0.216388	0.211466	0.489128
2021-07-29 06:17:41.000000 	114.000000	55.078490	-160.049162	365.100048	-0.037296	-0.009272	0.023438	0.357934	0.292271	0.532769	-0.187696	-0.017922	-0.004010	0.041098	0.265341	0.259307	0.599780
2021-07-29 06:17:42.000000 	115.000000	55.078490	-160.049162	365.100048	-0.036037	-0.024509	0.027063	0.311001	0.253957	0.462919	-0.157559	-0.019139	0.010742	0.046369	0.230554	0.225311	0.521142
2021-07-29 06:17:43.000000 	116.000000	55.078490	-160.049162	365.100048	-0.043604	0.000563	0.015621	0.276310	0.225637	0.411288	-0.142131	-0.024507	-0.015407	0.036161	0.204840	0.200183	0.463017
2021-07-29 06:17:44.000000 	117.000000	55.078490	-160.049162	365.100048	-0.035887	-0.013416	0.012111	0.320126	0.261428	0.476517	-0.170052	-0.024480	0.000365	0.031862	0.237328	0.231933	0.536448
2021-07-29 06:17:45.000000 	118.000000	55.078490	-160.049162	365.100048	-0.043648	-0.012464	0.007714	0.327116	0.267146	0.486931	-0.173599	-0.032712	-0.003177	0.032246	0.242516	0.237003	0.548169
2021-07-29 06:17:46.000000 	119.000000	55.078490	-160.049162	365.100048	-0.045336	-0.003507	0.021980	0.325857	0.266128	0.485064	-0.167783	-0.023340	-0.012172	0.043102	0.241587	0.236096	0.546066
2021-07-29 06:17:47.000000 	120.000000	55.078490	-160.049162	365.100048	-0.035499	-0.017666	0.024976	0.316202	0.258253	0.470701	-0.162411	-0.018005	0.004493	0.043031	0.234434	0.229106	0.529895
2021-07-29 06:17:48.000000 	121.000000	55.078490	-160.049162	365.100048	-0.035855	-0.013634	0.029923	0.307170	0.250885	0.457263	-0.155549	-0.014320	0.000582	0.046492	0.227742	0.222567	0.514765
2021-07-29 06:17:49.000000 	122.000000	55.078490	-160.049162	365.100048	-0.035972	-0.014166	0.041568	0.302389	0.246989	0.450153	-0.148003	-0.007892	0.001042	0.056206	0.224202	0.219108	0.506759
2021-07-29 06:17:50.000000 	123.000000	55.078490	-160.049162	365.100048	-0.028488	-0.009040	0.026574	0.315736	0.257901	0.470030	-0.164391	-0.009274	-0.001223	0.038884	0.234103	0.228785	0.529135
2021-07-29 06:17:51.000000 	124.000000	55.078490	-160.049162	365.100048	-0.029531	-0.005502	0.034087	0.318469	0.260142	0.474106	-0.163020	-0.004786	-0.004905	0.044915	0.236134	0.230770	0.533722
2021-07-29 06:17:52.000000 	125.000000	55.078490	-160.049162	365.100048	-0.033801	0.002552	0.008619	0.295055	0.241026	0.439257	-0.158967	-0.020404	-0.013932	0.024757	0.218778	0.213809	0.494489
2021-07-29 06:17:53.000000 	126.000000	55.078490	-160.049162	365.100048	-0.045359	-0.015411	0.041775	0.366531	0.299424	0.545675	-0.182578	-0.015357	-0.000991	0.061670	0.271783	0.265610	0.614286
2021-07-29 06:17:54.000000 	127.000000	55.078490	-160.049162	365.100048	-0.033783	-0.003034	0.012441	0.265782	0.217129	0.395691	-0.139939	-0.019765	-0.008675	0.028972	0.197081	0.192606	0.445442
2021-07-29 06:17:55.000000 	128.000000	55.078490	-160.049162	365.100048	-0.035905	-0.007526	0.013178	0.333239	0.272249	0.496129	-0.177938	-0.022235	-0.005176	0.031596	0.247107	0.241496	0.558506
2021-07-29 06:17:56.000000 	129.000000	55.078490	-160.049162	365.100048	-0.058510	-0.029077	0.037519	0.303781	0.248191	0.452279	-0.142102	-0.031753	0.007367	0.067927	0.225268	0.220153	0.509141
2021-07-29 06:17:57.000000 	130.000000	55.078490	-160.049162	365.100048	-0.014446	-0.012413	-0.004399	0.329924	0.269560	0.491209	-0.188217	-0.017125	0.006738	0.006591	0.244659	0.239105	0.552964
2021-07-29 06:17:58.000000 	131.000000	55.078490	-160.049162	365.100048	-0.033699	-0.015708	0.044224	0.321756	0.262897	0.479056	-0.158686	-0.005052	0.003267	0.057462	0.238608	0.233191	0.539282
2021-07-29 06:17:59.000000 	132.000000	55.078490	-160.049162	365.100048	-0.041216	-0.016973	0.012627	0.291013	0.237786	0.433290	-0.150920	-0.029286	0.001891	0.035847	0.215814	0.210915	0.487761
2021-07-29 06:18:00.000000 	133.000000	55.078490	-160.049162	365.100048	-0.031649	-0.014079	0.015182	0.322923	0.263870	0.480809	-0.171688	-0.019641	0.002435	0.032229	0.239483	0.234048	0.541252
2021-07-29 06:18:01.000000 	134.000000	55.078490	-160.049162	365.100048	-0.051607	-0.015397	0.028188	0.330899	0.270398	0.492694	-0.165324	-0.027946	-0.003136	0.053890	0.245404	0.239835	0.554628
2021-07-29 06:18:02.000000 	135.000000	55.078490	-160.049162	365.100048	-0.030345	-0.007700	-0.000955	0.278898	0.227913	0.415273	-0.153277	-0.026089	-0.003116	0.017049	0.206843	0.202149	0.467474
2021-07-29 06:18:03.000000 	136.000000	55.078490	-160.049162	365.100048	-0.025857	-0.011637	0.022165	0.338026	0.276242	0.503322	-0.179597	-0.010496	0.002116	0.034361	0.250700	0.245012	0.566588
2021-07-29 06:18:04.000000 	137.000000	55.078490	-160.049162	365.100048	-0.043843	-0.014629	0.038573	0.299643	0.244884	0.446177	-0.145387	-0.015802	-0.001209	0.058077	0.222238	0.217196	0.502259
2021-07-29 06:18:05.000000 	138.000000	55.078490	-160.049162	365.100048	-0.047530	-0.009752	0.018469	0.314522	0.257054	0.468340	-0.161320	-0.028788	-0.007051	0.042624	0.233279	0.227987	0.527206
2021-07-29 06:18:06.000000 	139.000000	55.078490	-160.049162	365.100048	-0.035494	-0.004938	0.023662	0.308088	0.251805	0.458767	-0.159596	-0.015193	-0.007470	0.039465	0.228512	0.223329	0.516429
2021-07-29 06:18:07.000000 	140.000000	55.078490	-160.049162	365.100048	-0.040188	-0.007749	0.034561	0.326160	0.266585	0.485686	-0.164205	-0.013357	-0.006428	0.051477	0.241921	0.236434	0.546728
2021-07-29 06:18:08.000000 	141.000000	55.078490	-160.049162	365.100048	-0.029071	-0.019018	-0.003113	0.287233	0.234778	0.427727	-0.158011	-0.029509	0.007957	0.016805	0.213053	0.208221	0.481483
2021-07-29 06:18:09.000000 	142.000000	55.078490	-160.049162	365.100048	-0.052348	-0.010894	0.031741	0.351333	0.287182	0.523188	-0.176156	-0.025223	-0.007622	0.056322	0.260604	0.254695	0.588940
2021-07-29 06:18:10.000000 	143.000000	55.078490	-160.049162	365.100048	-0.029385	-0.015661	0.028868	0.337201	0.275641	0.502151	-0.175085	-0.010503	0.004695	0.042541	0.250127	0.244456	0.565257
2021-07-29 06:18:11.000000 	144.000000	55.078490	-160.049162	365.100048	-0.037068	-0.008600	0.015940	0.272019	0.222367	0.405091	-0.140762	-0.021850	-0.004564	0.034696	0.201781	0.197207	0.455998
2021-07-29 06:18:12.000000 	145.000000	55.078490	-160.049162	365.100048	-0.034620	-0.018054	0.030882	0.308160	0.251920	0.458918	-0.155679	-0.014055	0.005158	0.047477	0.228595	0.223413	0.516588
2021-07-29 06:18:13.000000 	146.000000	55.078490	-160.049162	365.100048	-0.031742	-0.012720	0.018744	0.307156	0.251109	0.457430	-0.161286	-0.017293	0.001126	0.034934	0.227855	0.222691	0.514911
2021-07-29 06:18:14.000000 	147.000000	55.078490	-160.049162	365.100048	-0.038225	-0.002786	0.017996	0.351748	0.287575	0.523847	-0.186706	-0.019938	-0.010424	0.035869	0.260940	0.255027	0.589672
2021-07-29 06:18:15.000000 	148.000000	55.078490	-160.049162	365.100048	-0.048015	-0.013068	0.019816	0.287001	0.234650	0.427429	-0.144236	-0.029319	-0.004099	0.044638	0.212913	0.208089	0.481136
2021-07-29 06:18:16.000000 	149.000000	55.078490	-160.049162	365.100048	-0.037292	-0.018870	0.026730	0.326472	0.266931	0.486220	-0.167168	-0.018719	0.005013	0.045670	0.242200	0.236712	0.547313
2021-07-29 06:18:17.000000 	150.000000	55.078490	-160.049162	365.100048	-0.049527	-0.010162	0.033128	0.295870	0.241920	0.440652	-0.144130	-0.022050	-0.007347	0.055798	0.219503	0.214530	0.496018
2021-07-29 06:18:18.000000 	151.000000	55.078490	-160.049162	365.100048	-0.030506	-0.017499	0.015567	0.354213	0.289634	0.527552	-0.189753	-0.019496	0.006040	0.032598	0.262792	0.256839	0.593835
2021-07-29 06:18:19.000000 	152.000000	55.078490	-160.049162	365.100048	-0.032380	-0.012788	0.011604	0.273123	0.223337	0.406786	-0.144037	-0.021891	0.000972	0.029436	0.202636	0.198046	0.457894
2021-07-29 06:18:20.000000 	153.000000	55.078490	-160.049162	365.100048	-0.037695	-0.005289	0.028346	0.359661	0.294112	0.535683	-0.187190	-0.014305	-0.007891	0.044558	0.266846	0.260803	0.602984
2021-07-29 06:18:21.000000 	154.000000	55.078490	-160.049162	365.100048	-0.040480	-0.023098	0.030624	0.290080	0.237221	0.432055	-0.143000	-0.020130	0.007900	0.051403	0.215226	0.210352	0.486335
2021-07-29 06:18:22.000000 	155.000000	55.078490	-160.049162	365.100048	-0.027247	-0.006507	0.010894	0.314816	0.257460	0.468907	-0.170760	-0.016584	-0.003180	0.024865	0.233585	0.228296	0.527814
2021-07-29 06:18:23.000000 	156.000000	55.078490	-160.049162	365.100048	-0.021027	-0.008601	0.010344	0.309297	0.252956	0.460693	-0.169256	-0.012691	0.000910	0.021476	0.229495	0.224299	0.518567
2021-07-29 06:18:24.000000 	157.000000	55.078490	-160.049162	365.100048	-0.034108	-0.006066	0.027698	0.259125	0.211931	0.385969	-0.129794	-0.012129	-0.005937	0.042249	0.192272	0.187920	0.434454
2021-07-29 06:18:25.000000 	158.000000	55.078490	-160.049162	365.100048	-0.050715	-0.016845	0.037088	0.411303	0.336406	0.612649	-0.209015	-0.022569	-0.001471	0.060990	0.305196	0.298287	0.689607
2021-07-29 06:18:26.000000 	159.000000	55.078490	-160.049162	365.100048	-0.028016	-0.006648	0.032950	0.286828	0.234606	0.427245	-0.145481	-0.004591	-0.003311	0.043391	0.212837	0.208020	0.480912
2021-07-29 06:18:27.000000 	160.000000	55.078490	-160.049162	365.100048	-0.045214	-0.006492	0.027713	0.313401	0.256351	0.466835	-0.158187	-0.020800	-0.009325	0.048320	0.232561	0.227298	0.525473
2021-07-29 06:18:28.000000 	161.000000	55.078490	-160.049162	365.100048	-0.031867	-0.010438	0.027410	0.322729	0.263991	0.480738	-0.167200	-0.011791	-0.001062	0.041661	0.239489	0.234069	0.541121
2021-07-29 06:18:29.000000 	162.000000	55.078490	-160.049162	365.100048	-0.036397	-0.016867	0.024939	0.329325	0.269397	0.490570	-0.170067	-0.018495	0.003436	0.043328	0.244389	0.238859	0.552186
2021-07-29 06:18:30.000000 	163.000000	55.078490	-160.049162	365.100048	-0.024181	-0.000558	-0.008063	0.324121	0.265150	0.482826	-0.184948	-0.023409	-0.007726	0.006510	0.240532	0.235090	0.543467
2021-07-29 06:18:31.000000 	164.000000	55.078490	-160.049162	365.100048	-0.052047	-0.016590	0.032517	0.271113	0.221795	0.403869	-0.128462	-0.026141	-0.002165	0.057909	0.201199	0.196647	0.454592
2021-07-29 06:18:32.000000 	165.000000	55.078490	-160.049162	365.100048	-0.040032	-0.016534	0.014283	0.333851	0.273131	0.497337	-0.175842	-0.027304	0.001882	0.036482	0.247765	0.242160	0.559796
2021-07-29 06:18:33.000000 	166.000000	55.078490	-160.049162	365.100048	-0.038153	-0.007975	0.023355	0.328095	0.268432	0.488769	-0.170426	-0.018267	-0.005522	0.041238	0.243499	0.237991	0.550151
2021-07-29 06:18:34.000000 	167.000000	55.078490	-160.049162	365.100048	-0.043783	-0.018549	0.038842	0.285599	0.233673	0.425469	-0.136768	-0.016699	0.002496	0.059031	0.211965	0.207171	0.478900
2021-07-29 06:18:35.000000 	168.000000	55.078490	-160.049162	365.100048	-0.041932	-0.016880	0.028578	0.341462	0.279390	0.508699	-0.174170	-0.020681	0.001559	0.049293	0.253431	0.247700	0.572579
2021-07-29 06:18:36.000000 	169.000000	55.078490	-160.049162	365.100048	-0.031090	-0.008750	0.001378	0.305185	0.249717	0.454661	-0.167519	-0.025621	-0.002383	0.019569	0.226512	0.221390	0.511754
2021-07-29 06:18:37.000000 	170.000000	55.078490	-160.049162	365.100048	-0.030965	-0.011442	0.007451	0.319443	0.261393	0.475909	-0.173268	-0.022801	0.000190	0.025007	0.237099	0.231738	0.535669
2021-07-29 06:18:38.000000 	171.000000	55.078490	-160.049162	365.100048	-0.041682	-0.004701	0.031710	0.299293	0.244914	0.445897	-0.149619	-0.015289	-0.009804	0.049347	0.222149	0.217126	0.501886
2021-07-29 06:18:39.000000 	172.000000	55.078490	-160.049162	365.100048	-0.045291	-0.021423	0.031223	0.332808	0.272351	0.495836	-0.166613	-0.023027	0.004683	0.054157	0.247031	0.241446	0.558094
2021-07-29 06:18:40.000000 	173.000000	55.078490	-160.049162	365.100048	-0.032042	0.005068	0.010656	0.304276	0.249011	0.453334	-0.164444	-0.017177	-0.015697	0.024989	0.225858	0.220752	0.510253
2021-07-29 06:18:41.000000 	174.000000	55.078490	-160.049162	365.100048	-0.036433	-0.027740	0.042384	0.329930	0.270016	0.491564	-0.162214	-0.011578	0.013644	0.059775	0.244906	0.239371	0.553282
2021-07-29 06:18:42.000000 	175.000000	55.078490	-160.049162	365.100048	-0.038825	-0.010367	0.016269	0.351282	0.287502	0.523385	-0.186312	-0.023510	-0.003503	0.036256	0.260762	0.254869	0.589095
2021-07-29 06:18:43.000000 	176.000000	55.078490	-160.049162	365.100048	-0.028921	-0.011541	0.024941	0.238952	0.195574	0.356026	-0.120105	-0.011242	0.000980	0.038267	0.177381	0.173373	0.400723
2021-07-29 06:18:44.000000 	177.000000	55.078490	-160.049162	365.100048	-0.055592	-0.008196	0.031041	0.357838	0.292890	0.533168	-0.179651	-0.027369	-0.011265	0.056966	0.265641	0.259639	0.600103
2021-07-29 06:18:45.000000 	178.000000	55.078490	-160.049162	365.100048	-0.022353	-0.010203	0.016917	0.315964	0.258626	0.470785	-0.170098	-0.010398	0.001964	0.027892	0.234561	0.229262	0.529886
2021-07-29 06:18:46.000000 	179.000000	55.078490	-160.049162	365.100048	-0.029485	-0.008633	0.015102	0.319199	0.261284	0.475611	-0.170916	-0.016495	-0.001946	0.029935	0.236968	0.231615	0.535316
2021-07-29 06:18:47.000000 	180.000000	55.078490	-160.049162	365.100048	-0.041917	-0.007503	0.031089	0.349000	0.285689	0.520024	-0.178595	-0.016609	-0.007250	0.049512	0.259098	0.253246	0.585302
2021-07-29 06:18:48.000000 	181.000000	55.078490	-160.049162	365.100048	-0.029632	-0.016471	0.018740	0.354663	0.290336	0.528470	-0.189260	-0.016719	0.005372	0.034528	0.263309	0.257362	0.594806
2021-07-29 06:18:49.000000 	182.000000	55.078490	-160.049162	365.100048	-0.042385	-0.016791	0.015971	0.206700	0.169217	0.308001	-0.099981	-0.028222	0.001321	0.039182	0.153462	0.149996	0.346662
2021-07-29 06:18:50.000000 	183.000000	55.078490	-160.049162	365.100048	-0.048292	0.000698	0.027566	0.353567	0.289461	0.526852	-0.181511	-0.021244	-0.017134	0.048452	0.262508	0.256580	0.592982
2021-07-29 06:18:51.000000 	184.000000	55.078490	-160.049162	365.100048	-0.030862	-0.013889	0.021120	0.297531	0.243594	0.443359	-0.155001	-0.015582	0.002525	0.036637	0.220909	0.215921	0.499007
2021-07-29 06:18:52.000000 	185.000000	55.078490	-160.049162	365.100048	-0.038849	-0.004763	0.024126	0.331136	0.271118	0.493442	-0.172078	-0.017463	-0.008778	0.041617	0.245865	0.240314	0.555374
2021-07-29 06:18:53.000000 	186.000000	55.078490	-160.049162	365.100048	-0.025887	-0.011012	0.023311	0.309909	0.253748	0.461819	-0.163030	-0.009688	0.001519	0.035195	0.230110	0.224915	0.519779
2021-07-29 06:18:54.000000 	187.000000	55.078490	-160.049162	365.100048	-0.045723	-0.009933	0.025790	0.317729	0.260161	0.473479	-0.161089	-0.023256	-0.006265	0.047690	0.235922	0.230597	0.532901
2021-07-29 06:18:55.000000 	188.000000	55.078490	-160.049162	365.100048	-0.047397	-0.016277	0.027008	0.297519	0.243623	0.443368	-0.147630	-0.025623	-0.000872	0.050829	0.220921	0.215935	0.499010
2021-07-29 06:18:56.000000 	189.000000	55.078490	-160.049162	365.100048	-0.036824	-0.007134	0.012300	0.295711	0.242151	0.440681	-0.156371	-0.023336	-0.005859	0.031294	0.219584	0.214628	0.495983
2021-07-29 06:18:57.000000 	190.000000	55.078490	-160.049162	365.100048	-0.043865	-0.019215	0.024022	0.344188	0.281859	0.512930	-0.176808	-0.025432	0.003095	0.047053	0.255587	0.249819	0.577298
2021-07-29 06:18:58.000000 	191.000000	55.078490	-160.049162	365.100048	-0.034337	-0.008581	0.034899	0.292681	0.239689	0.436178	-0.146301	-0.008887	-0.003650	0.048768	0.217344	0.212440	0.490912
2021-07-29 06:18:59.000000 	192.000000	55.078490	-160.049162	365.100048	-0.033934	-0.006205	0.018937	0.341079	0.279335	0.508313	-0.181212	-0.017049	-0.005747	0.034999	0.253291	0.247576	0.572097
2021-07-29 06:19:00.000000 	193.000000	55.078490	-160.049162	365.100048	-0.034291	-0.017767	0.030139	0.305245	0.249997	0.454916	-0.154579	-0.014147	0.005000	0.046635	0.226685	0.221571	0.511997
2021-07-29 06:19:01.000000 	194.000000	55.078490	-160.049162	365.100048	-0.038167	-0.008897	0.033652	0.304289	0.249224	0.453497	-0.152478	-0.012641	-0.004660	0.049868	0.225981	0.220883	0.510399
2021-07-29 06:19:02.000000 	195.000000	55.078490	-160.049162	365.100048	-0.032100	-0.003959	0.013789	0.321925	0.263679	0.479789	-0.172805	-0.017955	-0.007231	0.029353	0.239085	0.233692	0.539988
2021-07-29 06:19:03.000000 	196.000000	55.078490	-160.049162	365.100048	-0.028638	-0.015451	0.007291	0.290020	0.237556	0.432245	-0.156471	-0.022222	0.004752	0.024406	0.215395	0.210536	0.486477
2021-07-29 06:19:04.000000 	197.000000	55.078490	-160.049162	365.100048	-0.038795	-0.007951	0.042891	0.323521	0.265007	0.482181	-0.159909	-0.007572	-0.005763	0.057596	0.240281	0.234862	0.542676
2021-07-29 06:19:05.000000 	198.000000	55.078490	-160.049162	365.100048	-0.038259	-0.016107	0.005004	0.379731	0.311063	0.565967	-0.206873	-0.031129	0.002086	0.027836	0.282036	0.275676	0.636971
2021-07-29 06:19:06.000000 	199.000000	55.078490	-160.049162	365.100048	-0.035693	-0.003838	0.019873	0.240849	0.197303	0.358977	-0.122057	-0.017207	-0.008571	0.036251	0.178889	0.174855	0.404011
2021-07-29 06:19:07.000000 	200.000000	55.078490	-160.049162	365.100048	-0.038287	-0.012489	0.032052	0.368995	0.302291	0.549981	-0.190496	-0.014655	-0.001324	0.049322	0.274075	0.267896	0.618975
2021-07-29 06:19:08.000000 	201.000000	55.078490	-160.049162	365.100048	-0.042132	-0.019635	0.025164	0.277031	0.226961	0.412916	-0.137594	-0.023560	0.004080	0.047139	0.205773	0.201134	0.464714
2021-07-29 06:19:09.000000 	202.000000	55.078490	-160.049162	365.100048	-0.041574	-0.001058	0.026344	0.286794	0.234969	0.427474	-0.144885	-0.017257	-0.013191	0.044177	0.213030	0.208228	0.481097
2021-07-29 06:19:10.000000 	203.000000	55.078490	-160.049162	365.100048	-0.044152	-0.000086	0.029528	0.342968	0.281002	0.511210	-0.175797	-0.017150	-0.014984	0.047986	0.254762	0.249020	0.575335
2021-07-29 06:19:11.000000 	204.000000	55.078490	-160.049162	365.100048	-0.035202	-0.024750	0.012748	0.349159	0.286086	0.520446	-0.185927	-0.026758	0.011253	0.034229	0.259368	0.253522	0.585727
2021-07-29 06:19:12.000000 	205.000000	55.078490	-160.049162	365.100048	-0.038925	-0.008751	0.037541	0.271090	0.222128	0.404084	-0.131363	-0.010959	-0.005056	0.053436	0.201380	0.196842	0.454768
2021-07-29 06:19:13.000000 	206.000000	55.078490	-160.049162	365.100048	-0.033916	-0.014057	0.011653	0.319617	0.261901	0.476426	-0.170763	-0.023402	0.001641	0.030551	0.237435	0.232084	0.536181
2021-07-29 06:19:14.000000 	207.000000	55.078490	-160.049162	365.100048	-0.051515	-0.010817	0.029318	0.315421	0.258473	0.470177	-0.156605	-0.025947	-0.007410	0.053872	0.234323	0.229043	0.529147
2021-07-29 06:19:15.000000 	208.000000	55.078490	-160.049162	365.100048	-0.025001	-0.009734	0.029061	0.338980	0.277789	0.505303	-0.178113	-0.005356	0.000620	0.039183	0.251831	0.246158	0.568676
2021-07-29 06:19:16.000000 	209.000000	55.078490	-160.049162	365.100048	-0.039172	-0.019329	0.011360	0.289750	0.237456	0.431924	-0.151264	-0.029095	0.004803	0.034168	0.215264	0.210414	0.486093
2021-07-29 06:19:17.000000 	210.000000	55.078490	-160.049162	365.100048	-0.036214	-0.002034	0.013665	0.325756	0.266973	0.485604	-0.174139	-0.020657	-0.010444	0.031088	0.242019	0.236567	0.546502
2021-07-29 06:19:18.000000 	211.000000	55.078490	-160.049162	365.100048	-0.043633	-0.010183	0.039183	0.343615	0.281621	0.512233	-0.171624	-0.014047	-0.005317	0.057596	0.255294	0.249543	0.576470
2021-07-29 06:19:19.000000 	212.000000	55.078490	-160.049162	365.100048	-0.040713	-0.015295	0.032709	0.247323	0.202710	0.368695	-0.118210	-0.016933	0.000485	0.051715	0.183757	0.179619	0.414929
2021-07-29 06:19:20.000000 	213.000000	55.078490	-160.049162	365.100048	-0.035221	-0.006211	0.024201	0.344592	0.282444	0.513705	-0.180918	-0.015030	-0.006180	0.040009	0.256033	0.250267	0.578122
2021-07-29 06:19:21.000000 	214.000000	55.078490	-160.049162	365.100048	-0.032086	-0.018324	0.005423	0.309131	0.253389	0.460848	-0.167075	-0.026752	0.006277	0.025291	0.229691	0.224519	0.518635
2021-07-29 06:19:22.000000 	215.000000	55.078490	-160.049162	365.100048	-0.032485	-0.008666	0.033442	0.307553	0.252105	0.458502	-0.156162	-0.008318	-0.002938	0.046594	0.228524	0.223379	0.515992
2021-07-29 06:19:23.000000 	216.000000	55.078490	-160.049162	365.100048	-0.031191	-0.015701	0.035435	0.309938	0.254070	0.462064	-0.156371	-0.008148	0.004116	0.048905	0.230302	0.225117	0.519999
2021-07-29 06:19:24.000000 	217.000000	55.078490	-160.049162	365.100048	-0.043504	0.000827	0.017590	0.332564	0.272628	0.495802	-0.174709	-0.023229	-0.015621	0.037671	0.247121	0.241558	0.557966
2021-07-29 06:19:25.000000 	218.000000	55.078490	-160.049162	365.100048	-0.048603	-0.011113	0.036143	0.285815	0.234313	0.426112	-0.137494	-0.019879	-0.006138	0.057959	0.212388	0.207607	0.479536
2021-07-29 06:19:26.000000 	219.000000	55.078490	-160.049162	365.100048	-0.033993	-0.008460	0.021066	0.351849	0.288460	0.524567	-0.186537	-0.016507	-0.003647	0.037217	0.261464	0.255579	0.590333
2021-07-29 06:19:27.000000 	220.000000	55.078490	-160.049162	365.100048	-0.047000	-0.007384	0.029779	0.302090	0.247676	0.450389	-0.150374	-0.021243	-0.009096	0.051149	0.224494	0.219441	0.506854
2021-07-29 06:19:28.000000 	221.000000	55.078490	-160.049162	365.100048	-0.022448	-0.009457	0.013709	0.344990	0.282859	0.514356	-0.188498	-0.012099	0.001230	0.025167	0.256381	0.250611	0.578837
2021-07-29 06:19:29.000000 	222.000000	55.078490	-160.049162	365.100048	-0.054131	-0.011045	0.034321	0.311544	0.255447	0.464497	-0.151623	-0.025164	-0.008088	0.059427	0.231531	0.226321	0.522726
2021-07-29 06:19:30.000000 	223.000000	55.078490	-160.049162	365.100048	-0.025798	-0.018790	0.021325	0.293057	0.240298	0.436941	-0.153276	-0.012933	0.008860	0.035037	0.217798	0.212897	0.491713
2021-07-29 06:19:31.000000 	224.000000	55.078490	-160.049162	365.100048	-0.052532	-0.011076	0.025712	0.335470	0.275086	0.500184	-0.169482	-0.028868	-0.007513	0.051513	0.249325	0.243715	0.562882
2021-07-29 06:19:32.000000 	225.000000	55.078490	-160.049162	365.100048	-0.044384	-0.011229	0.021325	0.261495	0.214435	0.389893	-0.130295	-0.025141	-0.004590	0.043561	0.194351	0.189979	0.438765
2021-07-29 06:19:33.000000 	226.000000	55.078490	-160.049162	365.100048	-0.034734	-0.007077	0.042899	0.339019	0.278018	0.505489	-0.170272	-0.004192	-0.005200	0.055247	0.251976	0.246307	0.568848
2021-07-29 06:19:34.000000 	227.000000	55.078490	-160.049162	365.100048	-0.035590	-0.017329	0.002844	0.380015	0.311650	0.566623	-0.208631	-0.030651	0.004146	0.024868	0.282453	0.276100	0.637643
2021-07-29 06:19:35.000000 	228.000000	55.078490	-160.049162	365.100048	-0.040477	-0.012060	0.045845	0.264678	0.217072	0.394656	-0.123569	-0.008327	-0.002475	0.061727	0.196732	0.192307	0.444120
2021-07-29 06:19:36.000000 	229.000000	55.078490	-160.049162	365.100048	-0.033096	-0.009741	0.021167	0.330962	0.271444	0.493497	-0.174483	-0.016116	-0.002136	0.037067	0.246007	0.240474	0.555347
2021-07-29 06:19:37.000000 	230.000000	55.078490	-160.049162	365.100048	-0.032567	-0.004062	0.020822	0.284233	0.233127	0.423825	-0.148054	-0.014317	-0.007294	0.035391	0.211278	0.206527	0.476941
2021-07-29 06:19:38.000000 	231.000000	55.078490	-160.049162	365.100048	-0.055497	-0.019450	0.042779	0.364218	0.298743	0.543100	-0.177956	-0.023726	-0.000654	0.068739	0.270740	0.264652	0.611161
2021-07-29 06:19:39.000000 	232.000000	55.078490	-160.049162	365.100048	-0.026598	-0.003251	0.006260	0.292721	0.240108	0.436493	-0.160477	-0.017826	-0.006019	0.020080	0.217598	0.212706	0.491193
2021-07-29 06:19:40.000000 	233.000000	55.078490	-160.049162	365.100048	-0.033946	-0.012060	0.018706	0.329896	0.270613	0.491935	-0.174361	-0.018829	-0.000246	0.035959	0.245240	0.239726	0.553580
2021-07-29 06:19:41.000000 	234.000000	55.078490	-160.049162	365.100048	-0.043091	-0.004306	0.036764	0.291060	0.238765	0.434028	-0.142654	-0.013370	-0.010655	0.054173	0.216375	0.211511	0.488416
2021-07-29 06:19:42.000000 	235.000000	55.078490	-160.049162	365.100048	-0.039700	-0.019875	0.021043	0.342835	0.281249	0.511243	-0.178503	-0.024112	0.005136	0.042499	0.254872	0.249143	0.575304
2021-07-29 06:19:43.000000 	236.000000	55.078490	-160.049162	365.100048	-0.044004	-0.006092	0.024520	0.296165	0.242972	0.441652	-0.150045	-0.021583	-0.009289	0.044973	0.220182	0.215233	0.496991
2021-07-29 06:19:44.000000 	237.000000	55.078490	-160.049162	365.100048	-0.034289	-0.010849	0.017535	0.301890	0.247678	0.450196	-0.158512	-0.019425	-0.001502	0.034947	0.224444	0.219399	0.506604
2021-07-29 06:19:45.000000 	238.000000	55.078490	-160.049162	365.100048	-0.030776	-0.008467	0.030580	0.315246	0.258647	0.470121	-0.162387	-0.008583	-0.002543	0.043288	0.234380	0.229113	0.529023
2021-07-29 06:19:46.000000 	239.000000	55.078490	-160.049162	365.100048	-0.042098	-0.017280	0.014373	0.337943	0.277279	0.503974	-0.177827	-0.029052	0.001879	0.037813	0.251261	0.245615	0.567115
2021-07-29 06:19:47.000000 	240.000000	55.078490	-160.049162	365.100048	-0.048171	-0.005892	0.047451	0.287521	0.235918	0.428786	-0.134671	-0.011611	-0.010898	0.065979	0.213778	0.208975	0.482505
2021-07-29 06:19:48.000000 	241.000000	55.078490	-160.049162	365.100048	-0.045641	-0.019405	0.034505	0.350239	0.287391	0.522326	-0.175958	-0.020853	0.002667	0.056642	0.260417	0.254566	0.587762
2021-07-29 06:19:49.000000 	242.000000	55.078490	-160.049162	365.100048	-0.031924	-0.004427	0.018119	0.291261	0.239006	0.434376	-0.153418	-0.015471	-0.006732	0.032899	0.216571	0.211705	0.488792
2021-07-29 06:19:50.000000 	243.000000	55.078490	-160.049162	365.100048	-0.028766	-0.012451	0.025506	0.346638	0.284459	0.516970	-0.182878	-0.011054	0.001889	0.038824	0.257754	0.251963	0.581730
2021-07-29 06:19:51.000000 	244.000000	55.078490	-160.049162	365.100048	-0.050988	-0.011190	0.033987	0.263528	0.216266	0.393026	-0.124603	-0.022973	-0.006880	0.057489	0.195960	0.191558	0.442259
2021-07-29 06:19:52.000000 	245.000000	55.078490	-160.049162	365.100048	-0.026429	-0.012365	0.013445	0.351730	0.288661	0.524578	-0.191257	-0.016133	0.002605	0.027660	0.261554	0.255679	0.590287
2021-07-29 06:19:53.000000 	246.000000	55.078490	-160.049162	365.100048	-0.053688	-0.015676	0.056895	0.246045	0.201934	0.366961	-0.103921	-0.013195	-0.003584	0.078602	0.182969	0.178860	0.412926
2021-07-29 06:19:54.000000 	247.000000	55.078490	-160.049162	365.100048	-0.023553	-0.010387	0.004213	0.367914	0.301967	0.548729	-0.205294	-0.018647	0.001727	0.018157	0.273603	0.267459	0.617459
2021-07-29 06:19:55.000000 	248.000000	55.078490	-160.049162	365.100048	-0.050871	-0.013448	0.026250	0.281094	0.230718	0.419246	-0.137743	-0.027944	-0.004718	0.051524	0.209044	0.204350	0.471755
2021-07-29 06:19:56.000000 	249.000000	55.078490	-160.049162	365.100048	-0.030380	-0.003582	0.014913	0.335022	0.274993	0.499685	-0.180766	-0.015880	-0.006999	0.029275	0.249156	0.243562	0.562268
2021-07-29 06:19:57.000000 	250.000000	55.078490	-160.049162	365.100048	-0.039754	-0.009842	0.023536	0.303866	0.249430	0.453223	-0.155902	-0.019920	-0.004313	0.042612	0.225992	0.220918	0.509984
2021-07-29 06:19:58.000000 	251.000000	55.078490	-160.049162	365.100048	-0.056024	-0.002609	0.051710	0.353231	0.289962	0.526858	-0.169476	-0.014308	-0.016664	0.073054	0.262712	0.256814	0.592839
2021-07-29 06:19:59.000000 	252.000000	55.078490	-160.049162	365.100048	-0.035016	-0.017681	0.025953	0.293414	0.240869	0.437644	-0.149371	-0.017077	0.004672	0.043576	0.218230	0.213331	0.492451
2021-07-29 06:20:00.000000 	253.000000	55.078490	-160.049162	365.100048	-0.041137	-0.010182	0.021674	0.300026	0.246307	0.447513	-0.153949	-0.022146	-0.004465	0.041896	0.223154	0.218145	0.503553
2021-07-29 06:20:01.000000 	254.000000	55.078490	-160.049162	365.100048	-0.028862	-0.011595	0.016009	0.297773	0.244467	0.444158	-0.158235	-0.016324	0.001051	0.030922	0.221484	0.216513	0.499776
2021-07-29 06:20:02.000000 	255.000000	55.078490	-160.049162	365.100048	-0.048364	-0.018966	0.054329	0.324336	0.266286	0.483786	-0.152222	-0.011481	0.001325	0.074276	0.241248	0.235834	0.544364
2021-07-29 06:20:03.000000 	256.000000	55.078490	-160.049162	365.100048	-0.033288	-0.010718	0.004951	0.299593	0.245981	0.446884	-0.162383	-0.025820	-0.001283	0.024065	0.222850	0.217849	0.502840
2021-07-29 06:20:04.000000 	257.000000	55.078490	-160.049162	365.100048	-0.041897	-0.001880	0.035695	0.313713	0.257585	0.467953	-0.156993	-0.012384	-0.012529	0.052180	0.233359	0.228123	0.526545
2021-07-29 06:20:05.000000 	258.000000	55.078490	-160.049162	365.100048	-0.033232	-0.022765	0.032821	0.311750	0.255983	0.465030	-0.157283	-0.013194	0.010060	0.049240	0.231905	0.226702	0.523254
2021-07-29 06:20:06.000000 	259.000000	55.078490	-160.049162	365.100048	-0.049096	-0.006926	0.034501	0.296591	0.243546	0.442424	-0.144868	-0.020027	-0.010242	0.056060	0.220635	0.215685	0.497815
2021-07-29 06:20:07.000000 	260.000000	55.078490	-160.049162	365.100048	-0.032259	-0.018522	0.019218	0.365916	0.300484	0.545842	-0.195062	-0.019043	0.006404	0.036734	0.272213	0.266106	0.614179
2021-07-29 06:20:08.000000 	261.000000	55.078490	-160.049162	365.100048	-0.032171	-0.015653	0.017218	0.281226	0.230948	0.419514	-0.146735	-0.019318	0.003737	0.034487	0.209216	0.204523	0.472034
2021-07-29 06:20:09.000000 	262.000000	55.078490	-160.049162	365.100048	-0.044411	-0.010787	0.036430	0.310957	0.255373	0.463870	-0.153576	-0.016392	-0.005014	0.055875	0.231340	0.226151	0.521941
2021-07-29 06:20:10.000000 	263.000000	55.078490	-160.049162	365.100048	-0.032637	0.000908	0.016907	0.308625	0.253469	0.460398	-0.164396	-0.015222	-0.011990	0.031247	0.229612	0.224462	0.518032
2021-07-29 06:20:11.000000 	264.000000	55.078490	-160.049162	365.100048	-0.040630	-0.004677	0.015073	0.312013	0.256261	0.465458	-0.164245	-0.023994	-0.009467	0.035136	0.232139	0.226933	0.523724
2021-07-29 06:20:12.000000 	265.000000	55.078490	-160.049162	365.100048	-0.043221	-0.014394	0.041944	0.310423	0.254966	0.463092	-0.151061	-0.013328	-0.001218	0.060460	0.230963	0.225783	0.521060
2021-07-29 06:20:13.000000 	266.000000	55.078490	-160.049162	365.100048	-0.045128	-0.013472	0.021302	0.275455	0.226254	0.410931	-0.138189	-0.026356	-0.002735	0.044381	0.204951	0.200355	0.462368
2021-07-29 06:20:14.000000 	267.000000	55.078490	-160.049162	365.100048	-0.030426	-0.001891	0.018720	0.356344	0.292707	0.531612	-0.191943	-0.013263	-0.008604	0.032091	0.265144	0.259198	0.598151
2021-07-29 06:20:15.000000 	268.000000	55.078490	-160.049162	365.100048	-0.052636	-0.015291	0.051188	0.333907	0.274288	0.498145	-0.158314	-0.015544	-0.003586	0.073281	0.248456	0.242885	0.560494
2021-07-29 06:20:16.000000 	269.000000	55.078490	-160.049162	365.100048	-0.036609	-0.010109	0.025162	0.289306	0.237660	0.431612	-0.147722	-0.016640	-0.002989	0.042306	0.215275	0.210448	0.485631
2021-07-29 06:20:17.000000 	270.000000	55.078490	-160.049162	365.100048	-0.035793	-0.015921	0.033016	0.333618	0.274073	0.497727	-0.170135	-0.013141	0.002753	0.049441	0.248255	0.242689	0.560018
2021-07-29 06:20:18.000000 	271.000000	55.078490	-160.049162	365.100048	-0.039263	-0.017300	0.016496	0.302541	0.248553	0.451368	-0.157275	-0.025658	0.002865	0.038033	0.225136	0.220089	0.507856
2021-07-29 06:20:19.000000 	272.000000	55.078490	-160.049162	365.100048	-0.042684	-0.010225	0.028113	0.315936	0.259567	0.471358	-0.160377	-0.019665	-0.004953	0.048016	0.235110	0.229840	0.530345
2021-07-29 06:20:20.000000 	273.000000	55.078490	-160.049162	365.100048	-0.043327	-0.013877	0.047068	0.288499	0.237036	0.430430	-0.136215	-0.010332	-0.001739	0.064618	0.214698	0.209886	0.484293
2021-07-29 06:20:21.000000 	274.000000	55.078490	-160.049162	365.100048	-0.042442	-0.007707	0.032793	0.339860	0.279246	0.507064	-0.172855	-0.016095	-0.007237	0.051231	0.252928	0.247259	0.570515
2021-07-29 06:20:22.000000 	275.000000	55.078490	-160.049162	365.100048	-0.034535	-0.010410	0.018665	0.296388	0.243537	0.442211	-0.154997	-0.018844	-0.001999	0.035921	0.220582	0.215639	0.497545
2021-07-29 06:20:23.000000 	276.000000	55.078490	-160.049162	365.100048	-0.038812	-0.004425	0.020800	0.352386	0.289562	0.525766	-0.186259	-0.019245	-0.009083	0.038804	0.262264	0.256388	0.591553
2021-07-29 06:20:24.000000 	277.000000	55.078490	-160.049162	365.100048	-0.039294	-0.014440	0.051063	0.278809	0.229111	0.415993	-0.129999	-0.005094	0.000166	0.065833	0.207510	0.202861	0.468042
2021-07-29 06:20:25.000000 	278.000000	55.078490	-160.049162	365.100048	-0.039893	-0.018668	0.013653	0.319543	0.262595	0.476775	-0.168005	-0.028153	0.003936	0.036308	0.237834	0.232505	0.536427
2021-07-29 06:20:26.000000 	279.000000	55.078490	-160.049162	365.100048	-0.042017	-0.008817	0.017614	0.249996	0.205451	0.373012	-0.126140	-0.024767	-0.006049	0.038773	0.186076	0.181907	0.419680
2021-07-29 06:20:27.000000 	280.000000	55.078490	-160.049162	365.100048	-0.042875	-0.005849	0.041097	0.400277	0.328968	0.597250	-0.204941	-0.011155	-0.009132	0.057911	0.297941	0.291267	0.671971
2021-07-29 06:20:28.000000 	281.000000	55.078490	-160.049162	365.100048	-0.035450	-0.013436	0.020028	0.265409	0.218135	0.396019	-0.135774	-0.019616	0.000534	0.038122	0.197559	0.193134	0.445562
2021-07-29 06:20:29.000000 	282.000000	55.078490	-160.049162	365.100048	-0.049168	-0.010448	0.044783	0.348481	0.286422	0.519978	-0.170970	-0.015182	-0.006956	0.065217	0.259402	0.253591	0.585026
2021-07-29 06:20:30.000000 	283.000000	55.078490	-160.049162	365.100048	-0.037361	-0.006244	0.013823	0.312402	0.256779	0.466149	-0.165867	-0.022629	-0.006879	0.032658	0.232552	0.227344	0.524462
2021-07-29 06:20:31.000000 	284.000000	55.078490	-160.049162	365.100048	-0.029687	-0.011624	0.028401	0.245527	0.201819	0.366367	-0.122708	-0.009874	0.000797	0.041532	0.182776	0.178682	0.412195
2021-07-29 06:20:32.000000 	285.000000	55.078490	-160.049162	365.100048	-0.040431	-0.020514	0.050994	0.366770	0.301492	0.547289	-0.180584	-0.007709	0.005487	0.067575	0.273040	0.266925	0.615746
2021-07-29 06:20:33.000000 	286.000000	55.078490	-160.049162	365.100048	-0.041806	-0.000653	0.011778	0.278494	0.228937	0.415570	-0.145941	-0.025661	-0.013651	0.032280	0.207329	0.202687	0.467549
2021-07-29 06:20:34.000000 	287.000000	55.078490	-160.049162	365.100048	-0.037589	-0.018272	0.026629	0.306755	0.252179	0.457746	-0.156268	-0.018839	0.004349	0.045629	0.228375	0.223261	0.514999
2021-07-29 06:20:35.000000 	288.000000	55.078490	-160.049162	365.100048	-0.046195	-0.011872	0.036109	0.309728	0.254633	0.462187	-0.152476	-0.018255	-0.004603	0.056784	0.230594	0.225432	0.519994
2021-07-29 06:20:36.000000 	289.000000	55.078490	-160.049162	365.100048	-0.039974	-0.004534	0.010587	0.296824	0.244035	0.442937	-0.157385	-0.026017	-0.009378	0.031076	0.220994	0.216046	0.498334
2021-07-29 06:20:37.000000 	290.000000	55.078490	-160.049162	365.100048	-0.040736	-0.007357	0.043522	0.317931	0.261399	0.474441	-0.156327	-0.008540	-0.006984	0.059042	0.236716	0.231416	0.533775
2021-07-29 06:20:38.000000 	291.000000	55.078490	-160.049162	365.100048	-0.050832	-0.015420	0.040762	0.347497	0.285719	0.518567	-0.171069	-0.020157	-0.002850	0.063787	0.258736	0.252945	0.583418
2021-07-29 06:20:39.000000 	292.000000	55.078490	-160.049162	365.100048	-0.038417	-0.016715	0.032055	0.307390	0.252753	0.458721	-0.154469	-0.015935	0.002604	0.050220	0.228880	0.223757	0.516085
2021-07-29 06:20:40.000000 	293.000000	55.078490	-160.049162	365.100048	-0.024663	-0.003544	0.018792	0.320412	0.263471	0.478160	-0.172505	-0.009242	-0.005084	0.029372	0.238583	0.233244	0.537953
2021-07-29 06:20:41.000000 	294.000000	55.078490	-160.049162	365.100048	-0.049053	-0.022020	0.038477	0.286565	0.235649	0.427655	-0.136035	-0.021941	0.003961	0.062246	0.213387	0.208611	0.481130
2021-07-29 06:20:42.000000 	295.000000	55.078490	-160.049162	365.100048	-0.051021	-0.013255	0.033100	0.300584	0.247187	0.448581	-0.146733	-0.024083	-0.004949	0.057184	0.223832	0.218823	0.504671
2021-07-29 06:20:43.000000 	296.000000	55.078490	-160.049162	365.100048	-0.028109	-0.003455	0.026265	0.327802	0.269581	0.489206	-0.172926	-0.007596	-0.006344	0.037336	0.244107	0.238645	0.550373
2021-07-29 06:20:44.000000 	297.000000	55.078490	-160.049162	365.100048	-0.046064	-0.004997	0.024759	0.316285	0.260121	0.472024	-0.161495	-0.022727	-0.011021	0.046063	0.235538	0.230267	0.531041
2021-07-29 06:20:45.000000 	298.000000	55.078490	-160.049162	365.100048	-0.035287	-0.013248	0.027540	0.291169	0.239474	0.434545	-0.148056	-0.015138	0.000412	0.044157	0.216840	0.211988	0.488875
2021-07-29 06:20:46.000000 	299.000000	55.078490	-160.049162	365.100048	-0.041252	-0.006507	0.025619	0.351035	0.288723	0.523896	-0.182808	-0.018949	-0.007960	0.044475	0.261431	0.255582	0.589394
2021-07-29 06:20:47.000000 	300.000000	55.078490	-160.049162	365.100048	-0.028897	-0.017741	0.030075	0.265393	0.218292	0.396086	-0.133249	-0.010019	0.006816	0.043675	0.197655	0.193234	0.445603
2021-07-29 06:20:48.000000 	301.000000	55.078490	-160.049162	365.100048	-0.050228	-0.006157	0.035059	0.280682	0.230878	0.418910	-0.135206	-0.020365	-0.011352	0.056977	0.209048	0.204372	0.471278
2021-07-29 06:20:49.000000 	302.000000	55.078490	-160.049162	365.100048	-0.040423	-0.004096	0.021886	0.354597	0.291689	0.529231	-0.186833	-0.019773	-0.009942	0.040497	0.264107	0.258199	0.595389
2021-07-29 06:20:50.000000 	303.000000	55.078490	-160.049162	365.100048	-0.039837	-0.020421	0.043060	0.284499	0.234037	0.424616	-0.135904	-0.011767	0.005602	0.060732	0.211904	0.207164	0.477694
2021-07-29 06:20:51.000000 	304.000000	55.078490	-160.049162	365.100048	-0.042674	-0.009428	0.029208	0.309909	0.254950	0.462546	-0.156654	-0.018808	-0.005699	0.048753	0.230836	0.225673	0.520363
2021-07-29 06:20:52.000000 	305.000000	55.078490	-160.049162	365.100048	-0.030665	-0.006556	0.024866	0.338227	0.278258	0.504817	-0.178629	-0.011234	-0.004301	0.038170	0.251937	0.246302	0.567916
2021-07-29 06:20:53.000000 	306.000000	55.078490	-160.049162	365.100048	-0.037986	-0.005961	0.024241	0.295208	0.242876	0.440614	-0.151706	-0.017068	-0.007358	0.041481	0.219899	0.214982	0.495686
2021-07-29 06:20:54.000000 	307.000000	55.078490	-160.049162	365.100048	-0.049317	-0.018258	0.043067	0.313897	0.258263	0.468514	-0.150682	-0.018465	0.000335	0.065416	0.233827	0.228599	0.527070
2021-07-29 06:20:55.000000 	308.000000	55.078490	-160.049162	365.100048	-0.032557	-0.008168	0.018840	0.322579	0.265417	0.481478	-0.171192	-0.016593	-0.003431	0.034562	0.240302	0.234929	0.541653
2021-07-29 06:20:56.000000 	309.000000	55.078490	-160.049162	365.100048	-0.049519	-0.012242	0.040193	0.322323	0.265217	0.481102	-0.157334	-0.018582	-0.005390	0.061993	0.240118	0.234750	0.541227
2021-07-29 06:20:57.000000 	310.000000	55.078490	-160.049162	365.100048	-0.034688	-0.011349	0.030531	0.289437	0.238167	0.432021	-0.146282	-0.012433	-0.001168	0.045915	0.215626	0.210805	0.486010
2021-07-29 06:20:58.000000 	311.000000	55.078490	-160.049162	365.100048	-0.036814	0.000550	0.016863	0.326508	0.268683	0.487360	-0.173861	-0.018567	-0.013078	0.033529	0.243251	0.237813	0.548263
2021-07-29 06:20:59.000000 	312.000000	55.078490	-160.049162	365.100048	-0.037047	-0.014224	0.023940	0.355199	0.292305	0.530191	-0.186394	-0.018828	0.000729	0.042343	0.264634	0.258718	0.596444
2021-07-29 06:21:00.000000 	313.000000	55.078490	-160.049162	365.100048	-0.046731	-0.017155	0.060416	0.237263	0.195259	0.354156	-0.099480	-0.006231	0.000181	0.078034	0.176773	0.172821	0.398410
2021-07-29 06:21:01.000000 	314.000000	55.078490	-160.049162	365.100048	-0.049579	-0.005991	0.018855	0.346152	0.284883	0.516698	-0.180221	-0.029095	-0.011286	0.043308	0.257908	0.252144	0.581260
2021-07-29 06:21:02.000000 	315.000000	55.078490	-160.049162	365.100048	-0.025428	-0.009995	0.028288	0.285458	0.234942	0.426105	-0.147558	-0.006201	0.000718	0.038830	0.212693	0.207939	0.479346
2021-07-29 06:21:03.000000 	316.000000	55.078490	-160.049162	365.100048	-0.037811	-0.011800	0.024207	0.376137	0.309587	0.561469	-0.198596	-0.018586	-0.001810	0.042499	0.280266	0.274002	0.631620
2021-07-29 06:21:04.000000 	317.000000	55.078490	-160.049162	365.100048	-0.043546	-0.019929	0.029776	0.261730	0.215431	0.390696	-0.126835	-0.022093	0.003875	0.051739	0.195026	0.190667	0.439509
2021-07-29 06:21:05.000000 	318.000000	55.078490	-160.049162	365.100048	-0.034807	-0.000975	0.012037	0.263127	0.216590	0.392786	-0.139089	-0.020209	-0.010960	0.028789	0.196072	0.191691	0.441858
2021-07-29 06:21:06.000000 	319.000000	55.078490	-160.049162	365.100048	-0.044673	-0.012770	0.051083	0.326976	0.269157	0.488102	-0.157090	-0.008761	-0.003239	0.068418	0.243657	0.238213	0.549080
2021-07-29 06:21:07.000000 	320.000000	55.078490	-160.049162	365.100048	-0.044454	-0.008905	0.037689	0.336525	0.277030	0.502363	-0.168511	-0.015178	-0.006798	0.056563	0.250781	0.245177	0.565119
2021-07-29 06:21:08.000000 	321.000000	55.078490	-160.049162	365.100048	-0.041181	-0.013589	0.023043	0.316121	0.260244	0.471909	-0.162799	-0.022350	-0.001278	0.043708	0.235583	0.230319	0.530859
2021-07-29 06:21:09.000000 	322.000000	55.078490	-160.049162	365.100048	-0.039866	-0.007919	0.041074	0.284236	0.234004	0.424315	-0.137929	-0.009428	-0.006159	0.056676	0.211827	0.207095	0.477318
2021-07-29 06:21:10.000000 	323.000000	55.078490	-160.049162	365.100048	-0.036462	-0.013015	0.022991	0.301622	0.248328	0.450274	-0.155768	-0.018583	-0.000207	0.041013	0.224791	0.219769	0.506517
2021-07-29 06:21:11.000000 	324.000000	55.078490	-160.049162	365.100048	-0.039010	-0.009459	0.030555	0.334363	0.275296	0.499158	-0.171603	-0.015221	-0.004419	0.047892	0.249200	0.243633	0.561505
2021-07-29 06:21:12.000000 	325.000000	55.078490	-160.049162	365.100048	-0.045597	-0.017478	0.030338	0.314500	0.258953	0.469511	-0.157313	-0.022666	0.000871	0.052825	0.234403	0.229167	0.528152
2021-07-29 06:21:13.000000 	326.000000	55.078490	-160.049162	365.100048	-0.033860	-0.004757	0.019345	0.274421	0.225962	0.409681	-0.142858	-0.016353	-0.007082	0.035011	0.204537	0.199969	0.460848
2021-07-29 06:21:14.000000 	327.000000	55.078490	-160.049162	365.100048	-0.051131	0.001241	0.032856	0.297175	0.244708	0.443655	-0.146203	-0.020253	-0.018613	0.054211	0.221503	0.216556	0.499063
2021-07-29 06:21:15.000000 	328.000000	55.078490	-160.049162	365.100048	-0.032474	-0.013721	0.030904	0.301747	0.248483	0.450486	-0.153790	-0.011176	0.001817	0.045493	0.224918	0.219895	0.506745
2021-07-29 06:21:16.000000 	329.000000	55.078490	-160.049162	365.100048	-0.039015	-0.018159	0.026897	0.304495	0.250756	0.454593	-0.154651	-0.019753	0.003757	0.046594	0.226973	0.221905	0.511363
2021-07-29 06:21:17.000000 	330.000000	55.078490	-160.049162	365.100048	-0.042344	-0.008326	0.046392	0.276848	0.227999	0.413324	-0.130728	-0.008408	-0.006622	0.062450	0.206372	0.201764	0.464938
2021-07-29 06:21:18.000000 	331.000000	55.078490	-160.049162	365.100048	-0.040282	-0.006822	0.022286	0.362428	0.298491	0.541097	-0.191213	-0.020198	-0.007333	0.041282	0.270174	0.264141	0.608664
