2021-07-29 06:14:48.000000 	-59.000000	57.220027	-153.279177	103.215541	-0.032825	-0.012392	0.008603	0.207407	0.166144	0.305226	-0.105386	-0.024677	-0.003691	0.026124	0.152253	0.146495	0.345171
2021-07-29 06:14:49.000000 	-58.000000	57.220027	-153.279177	103.215541	-0.031435	-0.023201	0.013518	0.237826	0.190518	0.349999	-0.120323	-0.025059	0.006589	0.032215	0.174586	0.167982	0.395802
2021-07-29 06:14:50.000000 	-57.000000	57.220027	-153.279177	103.215541	-0.032372	-0.011193	0.001076	0.287708	0.230485	0.423416	-0.154995	-0.027960	-0.004558	0.019284	0.211207	0.203216	0.478827
2021-07-29 06:14:51.000000 	-56.000000	57.220027	-153.279177	103.215541	-0.031346	-0.016684	0.015114	0.433355	0.347175	0.637774	-0.233458	-0.021665	0.000808	0.031928	0.318130	0.306093	0.721237
2021-07-29 06:14:52.000000 	-55.000000	57.220027	-153.279177	103.215541	-0.036954	-0.014909	0.024170	0.367752	0.294628	0.541236	-0.190698	-0.020302	-0.003299	0.041822	0.269975	0.259758	0.612065
2021-07-29 06:14:53.000000 	-54.000000	57.220027	-153.279177	103.215541	-0.022079	-0.016141	0.001139	0.309780	0.248192	0.455925	-0.170223	-0.022066	0.004489	0.015564	0.227420	0.218812	0.515590
2021-07-29 06:14:54.000000 	-53.000000	57.220027	-153.279177	103.215541	-0.034527	-0.011859	0.017523	0.305948	0.245130	0.450294	-0.158605	-0.020925	-0.004932	0.034316	0.224610	0.216107	0.509221
2021-07-29 06:14:55.000000 	-52.000000	57.220027	-153.279177	103.215541	-0.041460	-0.024770	0.021335	0.291193	0.233315	0.428586	-0.145091	-0.028948	0.003483	0.044018	0.213780	0.205686	0.484671
2021-07-29 06:14:56.000000 	-51.000000	57.220027	-153.279177	103.215541	-0.025784	-0.013926	0.015816	0.351463	0.281615	0.517303	-0.187826	-0.016064	0.000845	0.029157	0.258031	0.248261	0.584997
2021-07-29 06:14:57.000000 	-50.000000	57.220027	-153.279177	103.215541	-0.036593	-0.012168	0.011850	0.309733	0.248187	0.455891	-0.162315	-0.025664	-0.005585	0.030622	0.227398	0.218786	0.515549
2021-07-29 06:14:58.000000 	-49.000000	57.220027	-153.279177	103.215541	-0.019163	-0.015344	-0.003385	0.228030	0.182725	0.335640	-0.125638	-0.022024	0.005089	0.010156	0.167416	0.161075	0.379562
2021-07-29 06:14:59.000000 	-48.000000	57.220027	-153.279177	103.215541	-0.045252	-0.014445	0.028723	0.142505	0.114196	0.209759	-0.055426	-0.023893	-0.007445	0.049549	0.104627	0.100663	0.237208
2021-07-29 06:15:00.000000 	-47.000000	57.220027	-153.279177	103.215541	-0.016732	-0.017513	-0.002501	0.120665	0.096698	0.177615	-0.063369	-0.020540	0.008119	0.010252	0.088593	0.085236	0.200857
2021-07-29 06:15:01.000000 	-46.000000	57.220027	-153.279177	103.215541	-0.041686	-0.018710	0.016774	0.233103	0.186808	0.343126	-0.113733	-0.029297	-0.002032	0.038817	0.171148	0.164662	0.388026
2021-07-29 06:15:02.000000 	-45.000000	57.220027	-153.279177	103.215541	-0.022117	-0.012712	0.033202	0.566215	0.453779	0.833483	-0.305752	-0.003439	0.001410	0.041705	0.415732	0.399975	0.942548
2021-07-29 06:15:03.000000 	-44.000000	57.220027	-153.279177	103.215541	-0.034904	-0.020643	-0.004185	0.640105	0.513013	0.942268	-0.358685	-0.036282	0.002744	0.018387	0.469990	0.452174	1.065567
2021-07-29 06:15:04.000000 	-43.000000	57.220027	-153.279177	103.215541	-0.035921	-0.013806	0.017841	0.462246	0.370481	0.680463	-0.248103	-0.022536	-0.003820	0.035732	0.339405	0.326537	0.769504
2021-07-29 06:15:05.000000 	-42.000000	57.220027	-153.279177	103.215541	-0.038679	-0.023659	0.023629	0.324208	0.259854	0.477269	-0.164318	-0.025198	0.003740	0.044331	0.238053	0.229027	0.539720
2021-07-29 06:15:06.000000 	-41.000000	57.220027	-153.279177	103.215541	-0.018442	-0.008366	0.008916	0.268389	0.215122	0.395105	-0.145259	-0.012185	-0.000819	0.018451	0.197071	0.189597	0.446805
2021-07-29 06:15:07.000000 	-40.000000	57.220027	-153.279177	103.215541	-0.035703	-0.026794	0.018175	0.093269	0.074760	0.137307	-0.031365	-0.027101	0.007879	0.039069	0.068486	0.065888	0.155273
2021-07-29 06:15:08.000000 	-39.000000	57.220027	-153.279177	103.215541	-0.032130	-0.004807	-0.001818	0.342433	0.274490	0.504127	-0.188451	-0.026930	-0.010153	0.015180	0.251447	0.241908	0.570091
2021-07-29 06:15:09.000000 	-38.000000	57.220027	-153.279177	103.215541	-0.022513	-0.020648	0.016599	0.484341	0.388254	0.713057	-0.264291	-0.015725	0.008320	0.029870	0.355655	0.342160	0.806358
2021-07-29 06:15:10.000000 	-37.000000	57.220027	-153.279177	103.215541	-0.039516	-0.017171	0.024950	0.461539	0.369989	0.679501	-0.243595	-0.022659	-0.002431	0.044267	0.338917	0.326055	0.768411
2021-07-29 06:15:11.000000 	-36.000000	57.220027	-153.279177	103.215541	-0.034739	-0.016556	0.012394	0.411111	0.329574	0.605269	-0.220784	-0.025637	-0.000832	0.031250	0.301891	0.290432	0.684465
2021-07-29 06:15:12.000000 	-35.000000	57.220027	-153.279177	103.215541	-0.029888	-0.019640	0.017720	0.357087	0.286275	0.525742	-0.188598	-0.020276	0.004104	0.034134	0.262224	0.252270	0.594531
2021-07-29 06:15:13.000000 	-34.000000	57.220027	-153.279177	103.215541	-0.034080	-0.012564	0.031306	0.248960	0.199597	0.366552	-0.120381	-0.013393	-0.004101	0.045860	0.182825	0.175883	0.414513
2021-07-29 06:15:14.000000 	-33.000000	57.220027	-153.279177	103.215541	-0.038101	-0.013356	0.006568	0.238527	0.191238	0.351197	-0.122446	-0.030106	-0.005202	0.027199	0.175165	0.168514	0.397148
2021-07-29 06:15:15.000000 	-32.000000	57.220027	-153.279177	103.215541	-0.018809	-0.012862	0.002456	0.332875	0.266891	0.490121	-0.184370	-0.017658	0.003031	0.014292	0.244455	0.235171	0.554249
2021-07-29 06:15:16.000000 	-31.000000	57.220027	-153.279177	103.215541	-0.041890	-0.021851	0.012955	0.426525	0.341988	0.628021	-0.226840	-0.032705	0.000682	0.036469	0.313234	0.301336	0.710191
2021-07-29 06:15:17.000000 	-30.000000	57.220027	-153.279177	103.215541	-0.028783	-0.013280	0.014635	0.290316	0.232784	0.427474	-0.152268	-0.018712	-0.001080	0.029456	0.213207	0.205108	0.483403
2021-07-29 06:15:18.000000 	-29.000000	57.220027	-153.279177	103.215541	-0.028282	-0.013321	0.013755	0.325106	0.260688	0.478710	-0.172833	-0.018827	-0.000818	0.028485	0.238761	0.229689	0.541342
2021-07-29 06:15:19.000000 	-28.000000	57.220027	-153.279177	103.215541	-0.038619	-0.019428	0.024715	0.252460	0.202444	0.371747	-0.122887	-0.022965	-0.000011	0.044185	0.185412	0.178366	0.420385
2021-07-29 06:15:20.000000 	-27.000000	57.220027	-153.279177	103.215541	-0.031058	-0.017143	-0.001301	0.283259	0.227148	0.417106	-0.153096	-0.030509	0.001347	0.018099	0.208034	0.200127	0.471678
2021-07-29 06:15:21.000000 	-26.000000	57.220027	-153.279177	103.215541	-0.030830	-0.019783	0.018470	0.103472	0.082978	0.152369	-0.040614	-0.020632	0.003808	0.035254	0.075995	0.073106	0.172304
2021-07-29 06:15:22.000000 	-25.000000	57.220027	-153.279177	103.215541	-0.037204	-0.009469	0.013739	0.152918	0.122635	0.225184	-0.070567	-0.024081	-0.008271	0.031848	0.112311	0.108041	0.254645
2021-07-29 06:15:23.000000 	-24.000000	57.220027	-153.279177	103.215541	-0.036098	-0.022326	0.021944	0.225076	0.180509	0.331448	-0.108477	-0.023668	0.003711	0.041342	0.165311	0.159025	0.374812
2021-07-29 06:15:24.000000 	-23.000000	57.220027	-153.279177	103.215541	-0.028519	-0.018278	0.010799	0.416672	0.334179	0.613606	-0.226215	-0.022480	0.003503	0.027321	0.306037	0.294398	0.693883
2021-07-29 06:15:25.000000 	-22.000000	57.220027	-153.279177	103.215541	-0.023728	-0.015902	0.010337	0.427509	0.342882	0.629576	-0.234223	-0.018234	0.003534	0.024037	0.314001	0.302057	0.711942
2021-07-29 06:15:26.000000 	-21.000000	57.220027	-153.279177	103.215541	-0.035100	-0.007848	0.031645	0.304718	0.244406	0.448755	-0.152650	-0.012193	-0.008773	0.045490	0.223816	0.215301	0.507464
2021-07-29 06:15:27.000000 	-20.000000	57.220027	-153.279177	103.215541	-0.025339	-0.010291	-0.012421	0.103450	0.082977	0.152352	-0.054515	-0.029644	-0.002202	0.004316	0.075985	0.073094	0.172284
2021-07-29 06:15:28.000000 	-19.000000	57.220027	-153.279177	103.215541	-0.036002	-0.020646	0.040464	0.304403	0.244170	0.448309	-0.147424	-0.012934	0.002253	0.056457	0.223592	0.215083	0.506958
2021-07-29 06:15:29.000000 	-18.000000	57.220027	-153.279177	103.215541	-0.040277	-0.018135	0.007802	0.443399	0.355675	0.653026	-0.239460	-0.032878	-0.001912	0.030452	0.325694	0.313297	0.738457
2021-07-29 06:15:30.000000 	-17.000000	57.220027	-153.279177	103.215541	-0.026701	-0.007845	0.013148	0.411209	0.329864	0.605628	-0.223743	-0.015898	-0.004999	0.025876	0.302054	0.290555	0.684858
2021-07-29 06:15:31.000000 	-16.000000	57.220027	-153.279177	103.215541	-0.032886	-0.019247	0.022525	0.422950	0.339295	0.622933	-0.223987	-0.019777	0.002405	0.039527	0.310683	0.298855	0.704425
2021-07-29 06:15:32.000000 	-15.000000	57.220027	-153.279177	103.215541	-0.039210	-0.015691	-0.000593	0.515970	0.413930	0.759948	-0.285122	-0.035698	-0.003615	0.022283	0.379018	0.364586	0.859365
2021-07-29 06:15:33.000000 	-14.000000	57.220027	-153.279177	103.215541	-0.027080	-0.013270	0.022163	0.418506	0.335752	0.616409	-0.223791	-0.013354	-0.000323	0.034960	0.307429	0.295720	0.697046
2021-07-29 06:15:34.000000 	-13.000000	57.220027	-153.279177	103.215541	-0.026869	-0.020381	0.018649	0.233885	0.187644	0.344491	-0.117865	-0.017786	0.006123	0.033634	0.171812	0.165267	0.389557
2021-07-29 06:15:35.000000 	-12.000000	57.220027	-153.279177	103.215541	-0.041113	-0.013580	0.007781	0.208786	0.167513	0.307528	-0.103670	-0.031796	-0.006357	0.029730	0.153376	0.147533	0.347757
2021-07-29 06:15:36.000000 	-11.000000	57.220027	-153.279177	103.215541	-0.018172	-0.010604	0.014277	0.294145	0.236006	0.433264	-0.157912	-0.009925	0.001301	0.023373	0.216085	0.207852	0.489941
2021-07-29 06:15:37.000000 	-10.000000	57.220027	-153.279177	103.215541	-0.040305	-0.020903	0.011563	0.307729	0.246914	0.453281	-0.159262	-0.031909	0.000548	0.034302	0.226069	0.217453	0.512577
2021-07-29 06:15:38.000000 	-9.000000	57.220027	-153.279177	103.215541	-0.019401	-0.007116	0.000180	0.274791	0.220493	0.404772	-0.152224	-0.017162	-0.002367	0.011266	0.201875	0.194180	0.457721
2021-07-29 06:15:39.000000 	-8.000000	57.220027	-153.279177	103.215541	-0.042005	-0.017025	0.014370	0.326293	0.261827	0.480644	-0.168882	-0.030200	-0.003680	0.036540	0.239714	0.230576	0.543517
2021-07-29 06:15:40.000000 	-7.000000	57.220027	-153.279177	103.215541	-0.029062	-0.015088	0.024478	0.409732	0.328792	0.603563	-0.217116	-0.014276	0.000410	0.038307	0.301019	0.289541	0.682515
2021-07-29 06:15:41.000000 	-6.000000	57.220027	-153.279177	103.215541	-0.044910	-0.015530	0.020070	0.268354	0.215350	0.395311	-0.132381	-0.028731	-0.006322	0.042373	0.197155	0.189637	0.447021
2021-07-29 06:15:42.000000 	-5.000000	57.220027	-153.279177	103.215541	-0.031791	-0.028250	0.022367	0.271627	0.217984	0.400140	-0.135860	-0.022444	0.010938	0.041056	0.199564	0.191952	0.452481
2021-07-29 06:15:43.000000 	-4.000000	57.220027	-153.279177	103.215541	-0.029343	-0.009130	0.007115	0.439971	0.353094	0.648142	-0.241841	-0.021635	-0.005039	0.022395	0.323250	0.310920	0.732923
2021-07-29 06:15:44.000000 	-3.000000	57.220027	-153.279177	103.215541	-0.038583	-0.009023	0.030519	0.293851	0.235835	0.432894	-0.145725	-0.015862	-0.009289	0.046514	0.215898	0.207662	0.489518
2021-07-29 06:15:45.000000 	-2.000000	57.220027	-153.279177	103.215541	-0.028657	-0.023469	0.000860	0.271177	0.217646	0.399499	-0.145282	-0.029927	0.008077	0.020295	0.199243	0.191640	0.451755
2021-07-29 06:15:46.000000 	-1.000000	57.220027	-153.279177	103.215541	-0.021323	-0.008607	-0.000577	0.265932	0.213443	0.391779	-0.146705	-0.019580	-0.001900	0.011922	0.195392	0.187935	0.443024
2021-07-29 06:15:47.000000 	0.000000	57.220027	-153.279177	103.215541	-0.033163	-0.015201	0.027809	0.121046	0.097157	0.178331	-0.047357	-0.015594	-0.001334	0.043119	0.088939	0.085545	0.201657
2021-07-29 06:15:48.000000 	1.000000	57.220027	-153.279177	103.215541	-0.053706	-0.024538	0.040036	0.229989	0.184607	0.338838	-0.098570	-0.027932	-0.002231	0.065606	0.168989	0.162538	0.383158
2021-07-29 06:15:49.000000 	2.000000	57.220027	-153.279177	103.215541	-0.014690	-0.009012	-0.014350	0.419291	0.336567	0.617745	-0.242241	-0.022208	0.001445	-0.002767	0.308088	0.296325	0.698544
2021-07-29 06:15:50.000000 	3.000000	57.220027	-153.279177	103.215541	-0.037893	-0.011381	0.040833	0.288860	0.231877	0.425587	-0.138740	-0.010651	-0.006873	0.055426	0.212253	0.204148	0.481252
2021-07-29 06:15:51.000000 	4.000000	57.220027	-153.279177	103.215541	-0.026753	-0.018945	-0.002785	0.342614	0.275037	0.504794	-0.189129	-0.028761	0.004892	0.015208	0.251756	0.242140	0.570818
2021-07-29 06:15:52.000000 	5.000000	57.220027	-153.279177	103.215541	-0.036216	-0.014531	0.018530	0.223312	0.179272	0.329024	-0.109684	-0.022658	-0.003305	0.036631	0.164094	0.157826	0.372059
2021-07-29 06:15:53.000000 	6.000000	57.220027	-153.279177	103.215541	-0.022463	-0.014774	-0.001999	0.364953	0.292990	0.537726	-0.203440	-0.023537	0.003095	0.012779	0.268180	0.257934	0.608057
2021-07-29 06:15:54.000000 	7.000000	57.220027	-153.279177	103.215541	-0.040891	-0.018547	0.022994	0.499781	0.401247	0.736398	-0.266043	-0.025270	-0.001820	0.043622	0.367263	0.353229	0.832712
2021-07-29 06:15:55.000000 	8.000000	57.220027	-153.279177	103.215541	-0.019897	-0.006032	0.011938	0.413933	0.332335	0.609916	-0.227898	-0.010759	-0.003558	0.021127	0.304183	0.292557	0.689686
2021-07-29 06:15:56.000000 	9.000000	57.220027	-153.279177	103.215541	-0.044658	-0.023921	0.030123	0.453548	0.364154	0.668299	-0.234949	-0.026271	0.001286	0.052746	0.333300	0.320560	0.755705
2021-07-29 06:15:57.000000 	10.000000	57.220027	-153.279177	103.215541	-0.035917	-0.010501	0.019910	0.445069	0.357358	0.655817	-0.237884	-0.020162	-0.006771	0.036665	0.327075	0.314571	0.741589
2021-07-29 06:15:58.000000 	11.000000	57.220027	-153.279177	103.215541	-0.029107	-0.019617	0.004740	0.356250	0.286053	0.524950	-0.193436	-0.026708	0.004435	0.022837	0.261808	0.251797	0.593606
2021-07-29 06:15:59.000000 	12.000000	57.220027	-153.279177	103.215541	-0.033902	-0.013247	0.019337	0.134349	0.107880	0.197973	-0.058396	-0.019998	-0.003411	0.035877	0.098735	0.094959	0.223865
2021-07-29 06:16:00.000000 	13.000000	57.220027	-153.279177	103.215541	-0.029519	-0.019544	0.016021	0.114787	0.092176	0.169150	-0.048759	-0.020882	0.004184	0.032503	0.084360	0.081133	0.191272
2021-07-29 06:16:01.000000 	14.000000	57.220027	-153.279177	103.215541	-0.024698	-0.011386	0.002360	0.110663	0.088867	0.163076	-0.054076	-0.021574	-0.000936	0.016700	0.081331	0.078219	0.184403
2021-07-29 06:16:02.000000 	15.000000	57.220027	-153.279177	103.215541	-0.044244	-0.021419	0.033935	0.112994	0.090742	0.166514	-0.035383	-0.022951	-0.000762	0.055141	0.083045	0.079868	0.188291
2021-07-29 06:16:03.000000 	16.000000	57.220027	-153.279177	103.215541	-0.025258	-0.012249	0.004467	0.239673	0.192480	0.353200	-0.128107	-0.021180	-0.000416	0.018952	0.176151	0.169410	0.399391
2021-07-29 06:16:04.000000 	17.000000	57.220027	-153.279177	103.215541	-0.026082	-0.010259	-0.009415	0.435979	0.350145	0.642502	-0.246727	-0.028562	-0.002564	0.007195	0.320435	0.308170	0.726526
2021-07-29 06:16:05.000000 	18.000000	57.220027	-153.279177	103.215541	-0.039107	-0.023224	0.031554	0.355311	0.285369	0.523632	-0.179308	-0.021064	0.003160	0.051095	0.261151	0.251154	0.592110
2021-07-29 06:16:06.000000 	19.000000	57.220027	-153.279177	103.215541	-0.034055	-0.021860	0.017415	0.420033	0.337362	0.619025	-0.223788	-0.024409	0.004213	0.036433	0.308726	0.296906	0.699977
2021-07-29 06:16:07.000000 	20.000000	57.220027	-153.279177	103.215541	-0.029348	-0.013523	0.011333	0.139907	0.112374	0.206191	-0.066152	-0.021016	-0.001117	0.027013	0.102834	0.098896	0.233156
2021-07-29 06:16:08.000000 	21.000000	57.220027	-153.279177	103.215541	-0.032640	-0.013258	0.016434	0.250397	0.201128	0.369037	-0.127459	-0.020626	-0.002834	0.032829	0.184050	0.177001	0.417296
2021-07-29 06:16:09.000000 	22.000000	57.220027	-153.279177	103.215541	-0.026066	-0.010877	0.005892	0.288352	0.231623	0.424982	-0.155636	-0.020497	-0.002005	0.020207	0.211952	0.203833	0.480557
2021-07-29 06:16:10.000000 	23.000000	57.220027	-153.279177	103.215541	-0.040757	-0.022258	0.037968	0.381067	0.306108	0.561637	-0.191330	-0.018465	0.001555	0.057050	0.280106	0.269375	0.635082
2021-07-29 06:16:11.000000 	24.000000	57.220027	-153.279177	103.215541	-0.033278	-0.018222	0.006361	0.319254	0.256463	0.470542	-0.170406	-0.028435	0.001313	0.025877	0.234674	0.225682	0.532073
2021-07-29 06:16:12.000000 	25.000000	57.220027	-153.279177	103.215541	-0.041650	-0.005218	0.030236	0.422925	0.339757	0.623353	-0.219953	-0.016880	-0.014067	0.046833	0.310886	0.298972	0.704865
2021-07-29 06:16:13.000000 	26.000000	57.220027	-153.279177	103.215541	-0.022346	-0.014579	0.005626	0.325795	0.261736	0.480199	-0.178038	-0.019246	0.002974	0.019086	0.239491	0.230311	0.542992
2021-07-29 06:16:14.000000 	27.000000	57.220027	-153.279177	103.215541	-0.040953	-0.020050	0.009630	0.411193	0.330355	0.606082	-0.219895	-0.033120	-0.000505	0.032782	0.302273	0.290685	0.685334
2021-07-29 06:16:15.000000 	28.000000	57.220027	-153.279177	103.215541	-0.022714	-0.018246	0.017136	0.517711	0.415946	0.763097	-0.283766	-0.014678	0.006085	0.029833	0.380582	0.365990	0.862880
2021-07-29 06:16:16.000000 	29.000000	57.220027	-153.279177	103.215541	-0.031665	-0.017766	0.011801	0.614268	0.493541	0.905436	-0.339165	-0.024107	0.001631	0.029559	0.451572	0.434255	1.023830
2021-07-29 06:16:17.000000 	30.000000	57.220027	-153.279177	103.215541	-0.039448	-0.011366	0.032869	0.652267	0.524091	0.961465	-0.351328	-0.016126	-0.007585	0.049479	0.479516	0.461124	1.087183
2021-07-29 06:16:18.000000 	31.000000	57.220027	-153.279177	103.215541	-0.028636	-0.017756	0.004651	0.536783	0.431315	0.791250	-0.298085	-0.025700	0.002984	0.022081	0.394625	0.379487	0.894711
2021-07-29 06:16:19.000000 	32.000000	57.220027	-153.279177	103.215541	-0.039560	-0.018342	0.032616	0.153130	0.123047	0.225726	-0.061861	-0.018984	-0.001404	0.051018	0.112578	0.108258	0.255241
2021-07-29 06:16:20.000000 	33.000000	57.220027	-153.279177	103.215541	-0.013320	-0.010515	-0.012717	0.034183	0.027469	0.050390	-0.016192	-0.020863	0.003403	-0.001691	0.025131	0.024167	0.056979
2021-07-29 06:16:21.000000 	34.000000	57.220027	-153.279177	103.215541	-0.029180	-0.014698	0.019887	0.143992	0.115712	0.212263	-0.065266	-0.016702	0.000008	0.034410	0.105864	0.101801	0.240017
2021-07-29 06:16:22.000000 	35.000000	57.220027	-153.279177	103.215541	-0.037240	-0.012845	0.009879	0.221236	0.177792	0.326137	-0.111621	-0.027473	-0.005271	0.029442	0.162657	0.156414	0.368780
2021-07-29 06:16:23.000000 	36.000000	57.220027	-153.279177	103.215541	-0.044548	-0.020618	0.016715	0.367326	0.295205	0.541506	-0.190719	-0.032199	-0.001615	0.040616	0.270071	0.259702	0.612307
2021-07-29 06:16:24.000000 	37.000000	57.220027	-153.279177	103.215541	-0.041041	-0.020855	0.024991	0.220973	0.177594	0.325761	-0.103675	-0.025174	0.000174	0.045936	0.162470	0.156232	0.368353
2021-07-29 06:16:25.000000 	38.000000	57.220027	-153.279177	103.215541	-0.016483	-0.006258	0.012154	0.214764	0.172610	0.316613	-0.113967	-0.008164	-0.001821	0.019713	0.157908	0.151844	0.358009
2021-07-29 06:16:26.000000 	39.000000	57.220027	-153.279177	103.215541	-0.036899	-0.016305	0.025399	0.434811	0.349478	0.641025	-0.229081	-0.020123	-0.002028	0.043168	0.319706	0.307426	0.724835
2021-07-29 06:16:27.000000 	40.000000	57.220027	-153.279177	103.215541	-0.031056	-0.018262	0.016734	0.392122	0.315178	0.578100	-0.209245	-0.021166	0.002348	0.033534	0.288324	0.277247	0.653682
2021-07-29 06:16:28.000000 	41.000000	57.220027	-153.279177	103.215541	-0.038003	-0.013115	0.017392	0.349906	0.281256	0.515870	-0.183137	-0.024080	-0.005373	0.036194	0.257287	0.247401	0.583315
2021-07-29 06:16:29.000000 	42.000000	57.220027	-153.279177	103.215541	-0.022203	-0.006191	-0.001201	0.356715	0.286739	0.525918	-0.199449	-0.019665	-0.004453	0.011235	0.262299	0.252219	0.594676
2021-07-29 06:16:30.000000 	43.000000	57.220027	-153.279177	103.215541	-0.035482	-0.018222	0.018221	0.253410	0.203706	0.373617	-0.127158	-0.023669	0.000322	0.036914	0.186340	0.179178	0.422463
2021-07-29 06:16:31.000000 	44.000000	57.220027	-153.279177	103.215541	-0.035635	-0.015968	0.017252	0.105449	0.084769	0.155473	-0.041081	-0.023456	-0.001760	0.035625	0.077542	0.074561	0.175798
2021-07-29 06:16:32.000000 	45.000000	57.220027	-153.279177	103.215541	-0.021970	-0.011712	0.017588	0.251846	0.202464	0.371325	-0.131170	-0.011404	0.000583	0.028263	0.185198	0.178077	0.419870
2021-07-29 06:16:33.000000 	46.000000	57.220027	-153.279177	103.215541	-0.032408	-0.019384	0.005467	0.364178	0.292780	0.536957	-0.196922	-0.028706	0.002742	0.024987	0.267807	0.257509	0.607155
2021-07-29 06:16:34.000000 	47.000000	57.220027	-153.279177	103.215541	-0.046494	-0.019343	0.035666	0.345066	0.277425	0.508787	-0.170129	-0.022918	-0.003628	0.057180	0.253758	0.243998	0.575301
2021-07-29 06:16:35.000000 	48.000000	57.220027	-153.279177	103.215541	-0.018077	-0.011434	0.017151	0.308769	0.248252	0.455276	-0.165297	-0.008612	0.002084	0.025945	0.227070	0.218335	0.514794
2021-07-29 06:16:36.000000 	49.000000	57.220027	-153.279177	103.215541	-0.033610	-0.010201	0.014434	0.355292	0.285666	0.523881	-0.188989	-0.021281	-0.006001	0.030873	0.261288	0.251235	0.592367
2021-07-29 06:16:37.000000 	50.000000	57.220027	-153.279177	103.215541	-0.031962	-0.009003	0.009037	0.309021	0.248472	0.455662	-0.164909	-0.022513	-0.006330	0.025247	0.227264	0.218519	0.515229
2021-07-29 06:16:38.000000 	51.000000	57.220027	-153.279177	103.215541	-0.041686	-0.025120	0.025819	0.317413	0.255229	0.468044	-0.158713	-0.026822	0.003693	0.047982	0.233440	0.224456	0.529229
2021-07-29 06:16:39.000000 	52.000000	57.220027	-153.279177	103.215541	-0.034046	-0.014571	0.003616	0.297258	0.239031	0.438332	-0.158944	-0.029118	-0.002294	0.023052	0.218622	0.210206	0.495632
2021-07-29 06:16:40.000000 	53.000000	57.220027	-153.279177	103.215541	-0.034931	-0.018686	0.024791	0.308538	0.248110	0.454972	-0.156701	-0.019874	0.000984	0.042284	0.226922	0.218186	0.514447
2021-07-29 06:16:41.000000 	54.000000	57.220027	-153.279177	103.215541	-0.017473	-0.007242	0.010572	0.287732	0.231387	0.424298	-0.156352	-0.010136	-0.001388	0.019101	0.211624	0.203475	0.479762
2021-07-29 06:16:42.000000 	55.000000	57.220027	-153.279177	103.215541	-0.033998	-0.021642	0.006114	0.335290	0.269642	0.494437	-0.179260	-0.030402	0.004044	0.026850	0.246607	0.237110	0.559069
2021-07-29 06:16:43.000000 	56.000000	57.220027	-153.279177	103.215541	-0.033852	-0.009905	0.035882	0.407251	0.327525	0.600566	-0.210563	-0.009739	-0.006374	0.048950	0.299541	0.288003	0.679069
2021-07-29 06:16:44.000000 	57.000000	57.220027	-153.279177	103.215541	-0.033739	-0.020842	0.013536	0.422776	0.340023	0.623470	-0.227208	-0.025888	0.003446	0.032770	0.310966	0.298986	0.704967
2021-07-29 06:16:45.000000 	58.000000	57.220027	-153.279177	103.215541	-0.030731	-0.006866	0.000020	0.353200	0.284076	0.520874	-0.194468	-0.025663	-0.007686	0.016549	0.259795	0.249785	0.588959
2021-07-29 06:16:46.000000 	59.000000	57.220027	-153.279177	103.215541	-0.038038	-0.024546	0.029583	0.292023	0.234880	0.430662	-0.143707	-0.021828	0.004821	0.049243	0.214801	0.206524	0.486955
2021-07-29 06:16:47.000000 	60.000000	57.220027	-153.279177	103.215541	-0.029823	-0.013621	0.014082	0.317589	0.255453	0.468373	-0.168121	-0.019921	-0.001243	0.029578	0.233611	0.224607	0.529594
2021-07-29 06:16:48.000000 	61.000000	57.220027	-153.279177	103.215541	-0.032152	-0.007886	0.020335	0.359927	0.289518	0.530822	-0.190056	-0.016117	-0.007413	0.034565	0.264759	0.254553	0.600204
2021-07-29 06:16:49.000000 	62.000000	57.220027	-153.279177	103.215541	-0.026393	-0.012823	0.003426	0.378746	0.304666	0.558585	-0.208612	-0.022813	-0.000414	0.018766	0.278608	0.267866	0.631595
2021-07-29 06:16:50.000000 	63.000000	57.220027	-153.279177	103.215541	-0.033871	-0.016585	0.021723	0.470935	0.378837	0.694558	-0.252287	-0.019945	-0.000416	0.038681	0.346429	0.333071	0.785340
2021-07-29 06:16:51.000000 	64.000000	57.220027	-153.279177	103.215541	-0.037485	-0.025068	0.007084	0.356245	0.286587	0.525418	-0.189620	-0.033791	0.005537	0.030186	0.262067	0.251960	0.594091
2021-07-29 06:16:52.000000 	65.000000	57.220027	-153.279177	103.215541	-0.027047	-0.010907	0.017263	0.204840	0.164793	0.302118	-0.102770	-0.015088	-0.002419	0.030249	0.150691	0.144878	0.341605
2021-07-29 06:16:53.000000 	66.000000	57.220027	-153.279177	103.215541	-0.041127	-0.023379	0.036999	0.221478	0.178185	0.326664	-0.099060	-0.019691	0.002390	0.056688	0.162934	0.156648	0.369358
2021-07-29 06:16:54.000000 	67.000000	57.220027	-153.279177	103.215541	-0.030746	0.000354	0.002903	0.133149	0.107125	0.196387	-0.066115	-0.021384	-0.014141	0.017223	0.097955	0.094175	0.222055
2021-07-29 06:16:55.000000 	68.000000	57.220027	-153.279177	103.215541	-0.038016	-0.024225	0.011775	0.213641	0.171892	0.315114	-0.104919	-0.031332	0.004544	0.034182	0.157175	0.151109	0.356298
2021-07-29 06:16:56.000000 	69.000000	57.220027	-153.279177	103.215541	-0.029552	-0.018484	0.020804	0.334560	0.269191	0.493475	-0.174906	-0.017917	0.003222	0.036283	0.246140	0.236639	0.557969
2021-07-29 06:16:57.000000 	70.000000	57.220027	-153.279177	103.215541	-0.041866	-0.017967	0.029072	0.442547	0.356091	0.652765	-0.230664	-0.022493	-0.002777	0.049062	0.325593	0.313023	0.738076
2021-07-29 06:16:58.000000 	71.000000	57.220027	-153.279177	103.215541	-0.023720	-0.013168	0.010655	0.464459	0.373736	0.685097	-0.256037	-0.017022	0.001096	0.023634	0.341721	0.328527	0.774632
2021-07-29 06:16:59.000000 	72.000000	57.220027	-153.279177	103.215541	-0.035308	-0.017991	0.004358	0.231385	0.186195	0.341308	-0.119669	-0.030957	0.000194	0.025119	0.170243	0.163668	0.385914
2021-07-29 06:17:00.000000 	73.000000	57.220027	-153.279177	103.215541	-0.024634	0.000472	0.012956	0.256386	0.206321	0.378192	-0.136027	-0.011306	-0.011498	0.022691	0.188641	0.181355	0.427617
2021-07-29 06:17:01.000000 	74.000000	57.220027	-153.279177	103.215541	-0.040882	-0.016120	0.025299	0.318372	0.256213	0.469636	-0.160782	-0.023098	-0.003984	0.044965	0.234254	0.225204	0.531010
2021-07-29 06:17:02.000000 	75.000000	57.220027	-153.279177	103.215541	-0.021106	-0.020049	0.008534	0.478972	0.385471	0.706550	-0.265229	-0.018809	0.008418	0.022263	0.352428	0.338811	0.798884
2021-07-29 06:17:03.000000 	76.000000	57.220027	-153.279177	103.215541	-0.037529	-0.019770	0.028351	0.475120	0.382385	0.700879	-0.250826	-0.020307	0.000784	0.046798	0.349601	0.336091	0.792471
2021-07-29 06:17:04.000000 	77.000000	57.220027	-153.279177	103.215541	-0.026900	-0.012305	0.000509	0.359421	0.289278	0.530212	-0.198518	-0.024577	-0.001104	0.016432	0.264473	0.254251	0.599500
2021-07-29 06:17:05.000000 	78.000000	57.220027	-153.279177	103.215541	-0.036694	-0.014475	0.028728	0.293943	0.236587	0.433627	-0.146722	-0.017475	-0.003570	0.045423	0.216297	0.207935	0.490292
2021-07-29 06:17:06.000000 	79.000000	57.220027	-153.279177	103.215541	-0.029742	-0.015825	0.001030	0.213418	0.171781	0.314841	-0.112476	-0.027760	0.000762	0.019102	0.157046	0.150974	0.355983
2021-07-29 06:17:07.000000 	80.000000	57.220027	-153.279177	103.215541	-0.048047	-0.017808	0.039348	0.294367	0.236946	0.434266	-0.139076	-0.021511	-0.005697	0.060652	0.216618	0.208241	0.491014
2021-07-29 06:17:08.000000 	81.000000	57.220027	-153.279177	103.215541	-0.022158	-0.011192	0.000204	0.204565	0.164667	0.301790	-0.110543	-0.020761	0.000034	0.013612	0.150538	0.144716	0.341226
2021-07-29 06:17:09.000000 	82.000000	57.220027	-153.279177	103.215541	-0.043261	-0.026600	0.044692	0.076546	0.061619	0.112929	-0.008133	-0.018347	0.004308	0.064971	0.056331	0.054152	0.127686
2021-07-29 06:17:10.000000 	83.000000	57.220027	-153.279177	103.215541	-0.024044	-0.005913	-0.001140	0.094008	0.075679	0.138693	-0.046376	-0.020909	-0.005529	0.012109	0.069183	0.066506	0.156816
2021-07-29 06:17:11.000000 	84.000000	57.220027	-153.279177	103.215541	-0.030878	-0.010906	0.009936	0.361046	0.290660	0.532669	-0.194883	-0.021931	-0.004142	0.025941	0.265708	0.255426	0.602271
2021-07-29 06:17:12.000000 	85.000000	57.220027	-153.279177	103.215541	-0.037636	-0.018984	0.023460	0.345912	0.278487	0.510349	-0.178127	-0.022739	0.000033	0.042547	0.254575	0.244723	0.577033
2021-07-29 06:17:13.000000 	86.000000	57.220027	-153.279177	103.215541	-0.036583	-0.016698	0.032674	0.345316	0.278018	0.509479	-0.174732	-0.016096	-0.001535	0.049227	0.254143	0.244305	0.576049
2021-07-29 06:17:14.000000 	87.000000	57.220027	-153.279177	103.215541	-0.029913	-0.013674	0.006719	0.487132	0.392209	0.718724	-0.268965	-0.023995	-0.001236	0.023443	0.358522	0.344642	0.812633
2021-07-29 06:17:15.000000 	88.000000	57.220027	-153.279177	103.215541	-0.027727	-0.014254	0.025938	0.398082	0.320524	0.587348	-0.210603	-0.012167	0.000264	0.038687	0.292990	0.281644	0.664091
2021-07-29 06:17:16.000000 	89.000000	57.220027	-153.279177	103.215541	-0.034097	-0.027447	0.019004	0.391078	0.314896	0.577022	-0.206038	-0.025693	0.009184	0.039149	0.287840	0.276693	0.652415
2021-07-29 06:17:17.000000 	90.000000	57.220027	-153.279177	103.215541	-0.026850	-0.000001	0.017840	0.190056	0.153038	0.280425	-0.095051	-0.010505	-0.012072	0.027984	0.139888	0.134469	0.317065
2021-07-29 06:17:18.000000 	91.000000	57.220027	-153.279177	103.215541	-0.031545	-0.028986	0.015320	0.218367	0.175842	0.322203	-0.107760	-0.026353	0.011707	0.035192	0.160729	0.154502	0.364301
2021-07-29 06:17:19.000000 	92.000000	57.220027	-153.279177	103.215541	-0.031069	-0.002794	0.017243	0.335485	0.270162	0.495020	-0.178004	-0.015053	-0.011474	0.030202	0.246939	0.237370	0.559695
2021-07-29 06:17:20.000000 	93.000000	57.220027	-153.279177	103.215541	-0.023292	-0.015544	0.026651	0.323487	0.260510	0.477324	-0.168325	-0.008939	0.003411	0.037455	0.238112	0.228885	0.539686
2021-07-29 06:17:21.000000 	94.000000	57.220027	-153.279177	103.215541	-0.042433	-0.021607	0.015137	0.214106	0.172430	0.315931	-0.102909	-0.031839	0.000219	0.038507	0.157603	0.151494	0.357207
2021-07-29 06:17:22.000000 	95.000000	57.220027	-153.279177	103.215541	-0.023651	-0.006171	0.013010	0.253752	0.204366	0.374438	-0.134253	-0.013051	-0.005122	0.023878	0.186790	0.179549	0.423357
2021-07-29 06:17:23.000000 	96.000000	57.220027	-153.279177	103.215541	-0.022113	-0.020700	0.020102	0.307191	0.247414	0.453299	-0.161245	-0.013548	0.008547	0.032635	0.226132	0.217364	0.512520
2021-07-29 06:17:24.000000 	97.000000	57.220027	-153.279177	103.215541	-0.037309	-0.001445	0.024131	0.357544	0.287979	0.527611	-0.186383	-0.015499	-0.015485	0.038682	0.263205	0.252997	0.596539
2021-07-29 06:17:25.000000 	98.000000	57.220027	-153.279177	103.215541	-0.020634	-0.026730	0.007774	0.476169	0.383538	0.702670	-0.263375	-0.021391	0.014598	0.023022	0.350537	0.336941	0.794467
2021-07-29 06:17:26.000000 	99.000000	57.220027	-153.279177	103.215541	-0.037965	-0.000350	0.025603	0.375940	0.302818	0.554773	-0.196351	-0.014781	-0.016758	0.039971	0.276758	0.266022	0.627248
2021-07-29 06:17:27.000000 	100.000000	57.220027	-153.279177	103.215541	-0.029753	-0.014489	0.011017	0.414034	0.333515	0.610998	-0.225108	-0.021856	-0.000437	0.027178	0.304809	0.292983	0.690817
2021-07-29 06:17:28.000000 	101.000000	57.220027	-153.279177	103.215541	-0.021946	0.000815	0.020637	0.289949	0.233570	0.427890	-0.153265	-0.004999	-0.010596	0.027765	0.213463	0.205179	0.483787
2021-07-29 06:17:29.000000 	102.000000	57.220027	-153.279177	103.215541	-0.028810	-0.005478	-0.003651	0.547999	0.441460	0.808718	-0.309279	-0.025683	-0.008061	0.012197	0.403451	0.387792	0.914363
2021-07-29 06:17:30.000000 	103.000000	57.220027	-153.279177	103.215541	-0.040446	-0.002964	0.012630	0.378952	0.305290	0.559253	-0.202188	-0.024656	-0.015539	0.030900	0.279001	0.268170	0.632309
2021-07-29 06:17:31.000000 	104.000000	57.220027	-153.279177	103.215541	-0.030180	-0.016495	0.018207	0.236091	0.190205	0.348425	-0.119059	-0.019043	0.001163	0.033918	0.173824	0.167075	0.393939
2021-07-29 06:17:32.000000 	105.000000	57.220027	-153.279177	103.215541	-0.038070	-0.010389	0.032357	0.320282	0.258044	0.472683	-0.160625	-0.014999	-0.007838	0.048144	0.235816	0.226658	0.534428
2021-07-29 06:17:33.000000 	106.000000	57.220027	-153.279177	103.215541	-0.041352	-0.024105	0.015545	0.221867	0.178760	0.327444	-0.107362	-0.031751	0.002937	0.038936	0.163359	0.157014	0.370216
2021-07-29 06:17:34.000000 	107.000000	57.220027	-153.279177	103.215541	-0.033527	-0.020518	0.021959	0.155346	0.125168	0.229272	-0.069063	-0.021045	0.003251	0.039671	0.114382	0.109939	0.259220
2021-07-29 06:17:35.000000 	108.000000	57.220027	-153.279177	103.215541	-0.028006	-0.024498	0.002271	0.114998	0.092661	0.169725	-0.053468	-0.029063	0.009289	0.021417	0.084675	0.081386	0.191895
2021-07-29 06:17:36.000000 	109.000000	57.220027	-153.279177	103.215541	-0.036821	-0.018495	0.012095	0.129386	0.104259	0.190964	-0.056473	-0.028095	-0.000036	0.032478	0.095272	0.091570	0.215908
2021-07-29 06:17:37.000000 	110.000000	57.220027	-153.279177	103.215541	-0.031966	-0.023916	-0.009576	0.289413	0.233216	0.427157	-0.158902	-0.038231	0.006989	0.013230	0.213111	0.204828	0.482951
2021-07-29 06:17:38.000000 	111.000000	57.220027	-153.279177	103.215541	-0.043589	-0.029200	0.015167	0.300468	0.242134	0.443481	-0.151993	-0.035561	0.006482	0.040940	0.221257	0.212656	0.501407
2021-07-29 06:17:39.000000 	112.000000	57.220027	-153.279177	103.215541	-0.030174	-0.022472	0.008917	0.314432	0.253396	0.464099	-0.167325	-0.026327	0.006504	0.027560	0.231544	0.222542	0.524716
2021-07-29 06:17:40.000000 	113.000000	57.220027	-153.279177	103.215541	-0.036622	-0.035339	0.022085	0.426040	0.343352	0.628839	-0.223504	-0.028904	0.015098	0.044882	0.313738	0.301538	0.710973
2021-07-29 06:17:41.000000 	114.000000	57.220027	-153.279177	103.215541	-0.026592	-0.031079	0.009282	0.360067	0.290194	0.531471	-0.193552	-0.026694	0.015803	0.028230	0.265161	0.254849	0.600886
2021-07-29 06:17:42.000000 	115.000000	57.220027	-153.279177	103.215541	-0.043492	-0.031956	0.016268	0.394949	0.318319	0.582966	-0.206171	-0.035934	0.008988	0.042490	0.290856	0.279542	0.659106
2021-07-29 06:17:43.000000 	116.000000	57.220027	-153.279177	103.215541	-0.045134	-0.039221	0.005090	0.544878	0.439175	0.804282	-0.295924	-0.045966	0.014738	0.035654	0.401278	0.385667	0.909326
2021-07-29 06:17:44.000000 	117.000000	57.220027	-153.279177	103.215541	-0.044148	-0.033843	0.009733	0.433030	0.349038	0.639196	-0.230305	-0.040678	0.010378	0.037771	0.318915	0.306506	0.722677
2021-07-29 06:17:45.000000 	118.000000	57.220027	-153.279177	103.215541	-0.027452	-0.017969	0.007593	0.446309	0.359755	0.658807	-0.245433	-0.023298	0.003706	0.024034	0.328702	0.315910	0.744848
2021-07-29 06:17:46.000000 	119.000000	57.220027	-153.279177	103.215541	-0.043018	-0.033794	0.025660	0.535285	0.431491	0.790158	-0.283792	-0.031188	0.010843	0.050604	0.394240	0.378895	0.893352
2021-07-29 06:17:47.000000 	120.000000	57.220027	-153.279177	103.215541	-0.034117	-0.006957	0.015358	0.438121	0.353181	0.646740	-0.236936	-0.019936	-0.009126	0.031104	0.322686	0.310124	0.731202
2021-07-29 06:17:48.000000 	121.000000	57.220027	-153.279177	103.215541	-0.028975	-0.023589	0.023354	0.261096	0.210484	0.385427	-0.131107	-0.018032	0.008041	0.039390	0.192307	0.184820	0.435762
2021-07-29 06:17:49.000000 	122.000000	57.220027	-153.279177	103.215541	-0.013271	0.010130	0.031743	0.310393	0.250235	0.458205	-0.163600	0.011049	-0.015015	0.030640	0.228622	0.219719	0.518044
2021-07-29 06:17:50.000000 	123.000000	57.220027	-153.279177	103.215541	-0.040124	-0.006237	0.050656	0.181185	0.146074	0.267471	-0.072156	-0.005064	-0.012471	0.063511	0.133456	0.128258	0.302400
2021-07-29 06:17:51.000000 	124.000000	57.220027	-153.279177	103.215541	-0.026347	-0.013718	0.032998	0.290196	0.233970	0.428403	-0.146009	-0.007106	0.000407	0.043824	0.213755	0.205428	0.484348
2021-07-29 06:17:52.000000 	125.000000	57.220027	-153.279177	103.215541	-0.022599	-0.010315	-0.007809	0.194864	0.157115	0.287673	-0.107886	-0.025099	-0.000948	0.006875	0.143538	0.137945	0.325239
2021-07-29 06:17:53.000000 	126.000000	57.220027	-153.279177	103.215541	-0.038337	-0.006355	0.037677	0.263370	0.212357	0.388812	-0.125866	-0.010794	-0.011561	0.051763	0.194004	0.186444	0.439585
2021-07-29 06:17:54.000000 	127.000000	57.220027	-153.279177	103.215541	-0.030359	-0.012856	0.020743	0.228216	0.184019	0.336919	-0.113919	-0.016428	-0.002168	0.035251	0.168113	0.161561	0.380915
2021-07-29 06:17:55.000000 	128.000000	57.220027	-153.279177	103.215541	-0.027749	-0.012201	0.033685	0.262151	0.211390	0.387024	-0.129284	-0.007214	-0.001579	0.044711	0.193116	0.185587	0.437562
2021-07-29 06:17:56.000000 	129.000000	57.220027	-153.279177	103.215541	-0.041110	-0.017205	0.010870	0.320481	0.258436	0.473146	-0.167492	-0.031491	-0.003117	0.033208	0.236090	0.226885	0.534929
2021-07-29 06:17:57.000000 	130.000000	57.220027	-153.279177	103.215541	-0.024262	0.020883	0.042093	0.370343	0.298656	0.546769	-0.191736	0.012465	-0.029562	0.042039	0.272829	0.262190	0.618164
2021-07-29 06:17:58.000000 	131.000000	57.220027	-153.279177	103.215541	-0.045803	0.005578	0.007247	0.233143	0.188021	0.344214	-0.118351	-0.028365	-0.025577	0.026885	0.171759	0.165059	0.389159
2021-07-29 06:17:59.000000 	132.000000	57.220027	-153.279177	103.215541	-0.048839	-0.004252	0.012374	0.244108	0.196871	0.360407	-0.121168	-0.031585	-0.018162	0.035057	0.179841	0.172825	0.407466
2021-07-29 06:18:00.000000 	133.000000	57.220027	-153.279177	103.215541	-0.022274	-0.020345	0.010396	0.298831	0.241013	0.441208	-0.160302	-0.018790	0.008157	0.024465	0.220162	0.211572	0.498817
2021-07-29 06:18:01.000000 	134.000000	57.220027	-153.279177	103.215541	-0.041040	-0.021051	0.013701	0.246412	0.198744	0.363820	-0.122940	-0.031360	0.000349	0.036490	0.181547	0.174462	0.411323
2021-07-29 06:18:02.000000 	135.000000	57.220027	-153.279177	103.215541	-0.008246	0.016439	0.008564	0.412943	0.333073	0.609707	-0.234056	0.004659	-0.018391	0.007186	0.304248	0.292373	0.689314
2021-07-29 06:18:03.000000 	136.000000	57.220027	-153.279177	103.215541	-0.035570	-0.010435	0.014817	0.359570	0.290034	0.530910	-0.191035	-0.022635	-0.006674	0.032200	0.264930	0.254588	0.600228
2021-07-29 06:18:04.000000 	137.000000	57.220027	-153.279177	103.215541	-0.017195	-0.027780	0.008954	0.320420	0.258465	0.473112	-0.173802	-0.018567	0.017082	0.022606	0.236090	0.226872	0.534882
2021-07-29 06:18:05.000000 	138.000000	57.220027	-153.279177	103.215541	-0.047449	-0.028268	0.026774	0.409839	0.330606	0.605150	-0.210191	-0.031824	0.003914	0.052338	0.301982	0.290189	0.684158
2021-07-29 06:18:06.000000 	139.000000	57.220027	-153.279177	103.215541	0.003362	-0.008859	0.000205	0.184224	0.148615	0.272021	-0.106117	-0.000713	0.009424	0.000703	0.135745	0.130444	0.307536
2021-07-29 06:18:07.000000 	140.000000	57.220027	-153.279177	103.215541	-0.021543	0.001903	0.045661	0.288644	0.232860	0.426212	-0.142586	0.009262	-0.011387	0.048345	0.212692	0.204384	0.481856
2021-07-29 06:18:08.000000 	141.000000	57.220027	-153.279177	103.215541	-0.053529	-0.008836	0.029718	0.351250	0.283377	0.518663	-0.175210	-0.027449	-0.016177	0.053023	0.258830	0.248718	0.586376
2021-07-29 06:18:09.000000 	142.000000	57.220027	-153.279177	103.215541	-0.030502	-0.035071	0.027010	0.438266	0.353592	0.647161	-0.230525	-0.021540	0.017611	0.045997	0.322958	0.310338	0.731648
2021-07-29 06:18:10.000000 	143.000000	57.220027	-153.279177	103.215541	-0.042527	-0.017352	0.037583	0.219536	0.177127	0.324180	-0.098146	-0.018148	-0.003623	0.056388	0.161780	0.155457	0.366501
2021-07-29 06:18:11.000000 	144.000000	57.220027	-153.279177	103.215541	-0.044781	-0.034659	0.018148	0.293244	0.236606	0.433028	-0.145672	-0.036906	0.010823	0.045352	0.216102	0.207655	0.489559
2021-07-29 06:18:12.000000 	145.000000	57.220027	-153.279177	103.215541	-0.034130	-0.016145	-0.009385	0.261652	0.211124	0.386383	-0.143052	-0.036815	-0.000925	0.012545	0.192826	0.185287	0.436823
2021-07-29 06:18:13.000000 	146.000000	57.220027	-153.279177	103.215541	-0.039363	-0.006166	0.022092	0.397882	0.321059	0.587563	-0.209729	-0.019931	-0.012192	0.039112	0.293228	0.281762	0.664264
2021-07-29 06:18:14.000000 	147.000000	57.220027	-153.279177	103.215541	-0.035450	-0.026362	0.027082	0.382418	0.308592	0.564734	-0.197891	-0.021925	0.007607	0.046330	0.281838	0.270815	0.638454
2021-07-29 06:18:15.000000 	148.000000	57.220027	-153.279177	103.215541	-0.035607	-0.015580	0.004370	0.320823	0.258898	0.473781	-0.172049	-0.030263	-0.002094	0.024686	0.236449	0.227200	0.535627
2021-07-29 06:18:16.000000 	149.000000	57.220027	-153.279177	103.215541	-0.032109	-0.008723	0.017864	0.400318	0.323062	0.591185	-0.214650	-0.017739	-0.006646	0.032670	0.295044	0.283501	0.668355
2021-07-29 06:18:17.000000 	150.000000	57.220027	-153.279177	103.215541	-0.038135	-0.012573	0.022575	0.254653	0.205516	0.376073	-0.126292	-0.021168	-0.005917	0.040483	0.187690	0.180346	0.425163
2021-07-29 06:18:18.000000 	151.000000	57.220027	-153.279177	103.215541	-0.023196	-0.027384	-0.006665	0.262577	0.211919	0.387782	-0.144520	-0.031381	0.014030	0.012280	0.193535	0.185961	0.438399
2021-07-29 06:18:19.000000 	152.000000	57.220027	-153.279177	103.215541	-0.035179	-0.031801	0.011782	0.160491	0.129533	0.237022	-0.073550	-0.032062	0.012587	0.034660	0.118295	0.113664	0.267960
2021-07-29 06:18:20.000000 	153.000000	57.220027	-153.279177	103.215541	-0.032518	-0.031985	0.007738	0.250940	0.202543	0.370606	-0.129002	-0.032322	0.013947	0.030018	0.184967	0.177725	0.418980
2021-07-29 06:18:21.000000 	154.000000	57.220027	-153.279177	103.215541	-0.018339	-0.025831	0.030471	0.325179	0.262474	0.480254	-0.168104	-0.007040	0.014826	0.040776	0.239694	0.230308	0.542939
2021-07-29 06:18:22.000000 	155.000000	57.220027	-153.279177	103.215541	-0.046628	-0.019557	0.030374	0.533081	0.430302	0.787313	-0.281442	-0.025965	-0.003498	0.052847	0.392951	0.377562	0.890075
2021-07-29 06:18:23.000000 	156.000000	57.220027	-153.279177	103.215541	-0.035277	0.003397	0.016594	0.470641	0.379915	0.695105	-0.255989	-0.016224	-0.018896	0.030184	0.346933	0.333344	0.785830
2021-07-29 06:18:24.000000 	157.000000	57.220027	-153.279177	103.215541	-0.034006	-0.001990	0.029169	0.339617	0.274159	0.501599	-0.175170	-0.010497	-0.013513	0.041454	0.250355	0.240547	0.567066
2021-07-29 06:18:25.000000 	158.000000	57.220027	-153.279177	103.215541	-0.013541	-0.001746	-0.000266	0.150309	0.121343	0.222003	-0.082990	-0.010973	-0.004529	0.006749	0.110806	0.106464	0.250977
2021-07-29 06:18:26.000000 	159.000000	57.220027	-153.279177	103.215541	-0.044489	-0.022172	0.033379	0.051627	0.041679	0.076253	0.004536	-0.023720	-0.000200	0.054975	0.038060	0.036568	0.086205
2021-07-29 06:18:27.000000 	160.000000	57.220027	-153.279177	103.215541	-0.024826	-0.009166	0.017533	0.150034	0.121130	0.221602	-0.071887	-0.012616	-0.002976	0.028978	0.110608	0.106273	0.250523
2021-07-29 06:18:28.000000 	161.000000	57.220027	-153.279177	103.215541	-0.033237	-0.030668	0.026206	0.212742	0.171764	0.314227	-0.099763	-0.022366	0.012448	0.045572	0.156842	0.150693	0.355236
2021-07-29 06:18:29.000000 	162.000000	57.220027	-153.279177	103.215541	-0.026277	-0.031007	0.014142	0.223705	0.180623	0.330424	-0.112745	-0.023798	0.015880	0.032145	0.164929	0.158461	0.373547
2021-07-29 06:18:30.000000 	163.000000	57.220027	-153.279177	103.215541	-0.029334	-0.000042	0.026500	0.344451	0.278126	0.508781	-0.180534	-0.007697	-0.013153	0.036476	0.253956	0.243997	0.575179
2021-07-29 06:18:31.000000 	164.000000	57.220027	-153.279177	103.215541	-0.040145	-0.025006	0.036345	0.498332	0.402391	0.736084	-0.260297	-0.019924	0.004284	0.056059	0.367418	0.353006	0.832144
2021-07-29 06:18:32.000000 	165.000000	57.220027	-153.279177	103.215541	-0.052782	-0.006672	0.025423	0.763250	0.616331	1.127410	-0.416046	-0.028395	-0.017773	0.048524	0.562756	0.540678	1.274536
2021-07-29 06:18:33.000000 	166.000000	57.220027	-153.279177	103.215541	-0.037563	-0.009341	0.029435	0.662325	0.534853	0.978344	-0.360109	-0.015803	-0.008547	0.045187	0.488354	0.469192	1.106015
2021-07-29 06:18:34.000000 	167.000000	57.220027	-153.279177	103.215541	-0.023594	0.003726	-0.000095	0.508050	0.410287	0.750470	-0.287478	-0.016362	-0.013937	0.010423	0.374612	0.359910	0.848403
2021-07-29 06:18:35.000000 	168.000000	57.220027	-153.279177	103.215541	-0.028790	-0.014737	0.024841	0.423056	0.341661	0.624929	-0.225497	-0.013743	0.000217	0.038395	0.311949	0.299705	0.706478
2021-07-29 06:18:36.000000 	169.000000	57.220027	-153.279177	103.215541	-0.029517	-0.007685	0.014499	0.143165	0.115625	0.211482	-0.067684	-0.017221	-0.006408	0.028335	0.105568	0.101423	0.239079
2021-07-29 06:18:37.000000 	170.000000	57.220027	-153.279177	103.215541	-0.027761	-0.010334	0.027580	0.165575	0.133729	0.244590	-0.075990	-0.009822	-0.003252	0.039129	0.122096	0.117302	0.276506
2021-07-29 06:18:38.000000 	171.000000	57.220027	-153.279177	103.215541	-0.033567	-0.006628	0.015308	0.207391	0.167509	0.306366	-0.103634	-0.019425	-0.009173	0.030716	0.152935	0.146929	0.346342
2021-07-29 06:18:39.000000 	172.000000	57.220027	-153.279177	103.215541	-0.055744	-0.025377	0.040036	0.135799	0.109689	0.200610	-0.042085	-0.029780	-0.002398	0.066796	0.100144	0.096211	0.226786
2021-07-29 06:18:40.000000 	173.000000	57.220027	-153.279177	103.215541	-0.028495	-0.015204	0.012078	0.282978	0.228578	0.418037	-0.149438	-0.020608	0.000768	0.027636	0.208686	0.200488	0.472583
2021-07-29 06:18:41.000000 	174.000000	57.220027	-153.279177	103.215541	-0.054786	-0.013008	0.016943	0.387930	0.313366	0.573087	-0.200758	-0.036887	-0.013016	0.043906	0.286091	0.274850	0.647863
2021-07-29 06:18:42.000000 	175.000000	57.220027	-153.279177	103.215541	-0.041023	-0.022978	-0.009158	0.292329	0.236150	0.431863	-0.157916	-0.044452	0.002079	0.017733	0.215593	0.207120	0.488211
2021-07-29 06:18:43.000000 	176.000000	57.220027	-153.279177	103.215541	-0.041963	-0.021974	0.016870	0.390089	0.315134	0.576293	-0.205035	-0.030687	0.000759	0.039826	0.287698	0.276390	0.651484
2021-07-29 06:18:44.000000 	177.000000	57.220027	-153.279177	103.215541	-0.021505	-0.004454	0.004480	0.422684	0.341480	0.624455	-0.236278	-0.015408	-0.005692	0.015251	0.311746	0.299490	0.705929
2021-07-29 06:18:45.000000 	178.000000	57.220027	-153.279177	103.215541	-0.013624	-0.002855	0.001536	0.383859	0.310126	0.567105	-0.217282	-0.010479	-0.003576	0.008575	0.283118	0.271986	0.641094
2021-07-29 06:18:46.000000 	179.000000	57.220027	-153.279177	103.215541	-0.027437	-0.010517	0.034650	0.299266	0.241791	0.442135	-0.150807	-0.005820	-0.002943	0.044960	0.220731	0.212051	0.499819
2021-07-29 06:18:47.000000 	180.000000	57.220027	-153.279177	103.215541	-0.018803	-0.011323	0.041875	0.123067	0.099435	0.181820	-0.047657	0.004270	0.001659	0.047056	0.090773	0.087203	0.205541
2021-07-29 06:18:48.000000 	181.000000	57.220027	-153.279177	103.215541	-0.022562	-0.007302	-0.008002	0.089886	0.072629	0.132801	-0.046668	-0.024036	-0.003623	0.005961	0.066301	0.063693	0.150126
2021-07-29 06:18:49.000000 	182.000000	57.220027	-153.279177	103.215541	-0.033910	-0.021046	0.024092	0.222035	0.179414	0.328047	-0.107178	-0.020378	0.003551	0.041778	0.163780	0.157336	0.370844
2021-07-29 06:18:50.000000 	183.000000	57.220027	-153.279177	103.215541	-0.039584	-0.026750	0.017408	0.283716	0.229263	0.419184	-0.143198	-0.030414	0.006095	0.040291	0.209284	0.201048	0.473869
2021-07-29 06:18:51.000000 	184.000000	57.220027	-153.279177	103.215541	-0.037613	-0.017065	0.042698	0.248117	0.200505	0.366592	-0.114389	-0.011581	-0.001670	0.058243	0.183029	0.175824	0.414415
2021-07-29 06:18:52.000000 	185.000000	57.220027	-153.279177	103.215541	-0.027413	-0.019728	0.012110	0.273883	0.221335	0.404667	-0.143987	-0.021488	0.005295	0.028240	0.202041	0.194087	0.457456
2021-07-29 06:18:53.000000 	186.000000	57.220027	-153.279177	103.215541	-0.027160	-0.023788	0.023690	0.407485	0.329316	0.602072	-0.216501	-0.016563	0.009035	0.038843	0.300605	0.288769	0.680612
2021-07-29 06:18:54.000000 	187.000000	57.220027	-153.279177	103.215541	-0.046434	-0.013042	0.045824	0.308624	0.249430	0.456008	-0.146121	-0.014991	-0.009230	0.064157	0.227681	0.218714	0.515493
2021-07-29 06:18:55.000000 	188.000000	57.220027	-153.279177	103.215541	-0.033686	-0.018967	0.044952	0.341468	0.275985	0.504544	-0.168581	-0.008130	0.001795	0.058702	0.251917	0.241995	0.570359
2021-07-29 06:18:56.000000 	189.000000	57.220027	-153.279177	103.215541	-0.037384	-0.021645	0.027769	0.391485	0.316422	0.578454	-0.203068	-0.021223	0.002524	0.046695	0.288824	0.277446	0.653909
2021-07-29 06:18:57.000000 	190.000000	57.220027	-153.279177	103.215541	-0.041032	-0.015730	0.006149	0.517643	0.418408	0.764875	-0.284049	-0.033431	-0.004399	0.028842	0.381910	0.366862	0.864645
2021-07-29 06:18:58.000000 	191.000000	57.220027	-153.279177	103.215541	-0.050237	-0.028616	0.027053	0.536917	0.434004	0.793365	-0.283209	-0.033898	0.002971	0.054006	0.396140	0.380529	0.896850
2021-07-29 06:18:59.000000 	192.000000	57.220027	-153.279177	103.215541	-0.027107	-0.000357	-0.012345	0.363057	0.293480	0.536471	-0.207002	-0.027175	-0.011870	0.002816	0.267872	0.257314	0.606445
2021-07-29 06:19:00.000000 	193.000000	57.220027	-153.279177	103.215541	-0.042501	-0.018796	0.006838	0.290884	0.235148	0.429830	-0.151393	-0.035320	-0.002322	0.030878	0.214627	0.206166	0.485894
2021-07-29 06:19:01.000000 	194.000000	57.220027	-153.279177	103.215541	-0.044706	-0.013236	0.017892	0.385582	0.311713	0.569770	-0.202212	-0.028890	-0.008279	0.039885	0.284507	0.273289	0.644085
2021-07-29 06:19:02.000000 	195.000000	57.220027	-153.279177	103.215541	-0.024561	-0.003334	0.014755	0.395549	0.319783	0.584506	-0.215933	-0.011716	-0.008066	0.025095	0.291869	0.280358	0.660741
2021-07-29 06:19:03.000000 	196.000000	57.220027	-153.279177	103.215541	-0.039421	0.005578	0.010529	0.319611	0.258401	0.472297	-0.169905	-0.021795	-0.022708	0.026558	0.235842	0.226539	0.533897
2021-07-29 06:19:04.000000 	197.000000	57.220027	-153.279177	103.215541	-0.006023	0.003838	0.012166	0.267283	0.216103	0.394976	-0.148369	0.003514	-0.006136	0.012207	0.197234	0.189453	0.446490
2021-07-29 06:19:05.000000 	198.000000	57.220027	-153.279177	103.215541	-0.031310	-0.011032	0.026472	0.421157	0.340526	0.622371	-0.223588	-0.013351	-0.004224	0.040083	0.310789	0.298526	0.703541
2021-07-29 06:19:06.000000 	199.000000	57.220027	-153.279177	103.215541	-0.021935	0.000776	0.025450	0.347269	0.280795	0.513188	-0.184849	-0.002400	-0.010556	0.031816	0.256271	0.246157	0.580116
2021-07-29 06:19:07.000000 	200.000000	57.220027	-153.279177	103.215541	-0.033189	-0.022624	0.023252	0.153227	0.123901	0.226439	-0.067320	-0.020887	0.005285	0.041107	0.113079	0.108615	0.255970
2021-07-29 06:19:08.000000 	201.000000	57.220027	-153.279177	103.215541	-0.030105	-0.020623	-0.000409	0.244497	0.197711	0.361324	-0.130710	-0.030626	0.004884	0.019235	0.180439	0.173316	0.408445
2021-07-29 06:19:09.000000 	202.000000	57.220027	-153.279177	103.215541	-0.030379	-0.009373	0.027976	0.185400	0.149929	0.273991	-0.086748	-0.011211	-0.005288	0.040494	0.136829	0.131426	0.309723
2021-07-29 06:19:10.000000 	203.000000	57.220027	-153.279177	103.215541	-0.034624	-0.031774	0.045842	0.346755	0.280423	0.512455	-0.169629	-0.013194	0.012812	0.063021	0.255919	0.245812	0.579282
2021-07-29 06:19:11.000000 	204.000000	57.220027	-153.279177	103.215541	-0.032444	-0.011598	0.019701	0.491136	0.397201	0.725839	-0.266407	-0.018083	-0.004229	0.035077	0.362487	0.348169	0.820491
2021-07-29 06:19:12.000000 	205.000000	57.220027	-153.279177	103.215541	-0.023333	-0.021309	0.010409	0.306353	0.247770	0.452758	-0.164511	-0.019942	0.008542	0.025223	0.226112	0.217180	0.511798
2021-07-29 06:19:13.000000 	206.000000	57.220027	-153.279177	103.215541	-0.047930	-0.036179	0.039169	0.323526	0.261669	0.478143	-0.154436	-0.028465	0.010764	0.064918	0.238794	0.229358	0.540493
2021-07-29 06:19:14.000000 	207.000000	57.220027	-153.279177	103.215541	-0.037501	-0.009269	0.023440	0.221715	0.179331	0.327680	-0.107481	-0.018975	-0.008583	0.040100	0.163652	0.157184	0.370408
2021-07-29 06:19:15.000000 	208.000000	57.220027	-153.279177	103.215541	-0.027533	-0.020689	0.003379	0.119644	0.096776	0.176828	-0.056884	-0.026669	0.006100	0.021192	0.088314	0.084823	0.199885
2021-07-29 06:19:16.000000 	209.000000	57.220027	-153.279177	103.215541	-0.051330	-0.021967	0.027770	0.378808	0.306418	0.559868	-0.191691	-0.031817	-0.003459	0.053518	0.279621	0.268566	0.632870
2021-07-29 06:19:17.000000 	210.000000	57.220027	-153.279177	103.215541	-0.044399	-0.002853	0.020708	0.267069	0.216041	0.394725	-0.133308	-0.023210	-0.017415	0.039576	0.197145	0.189349	0.446193
2021-07-29 06:19:18.000000 	211.000000	57.220027	-153.279177	103.215541	-0.038400	-0.014943	0.019357	0.258318	0.208970	0.381796	-0.129527	-0.024006	-0.003919	0.038482	0.190690	0.183149	0.431577
2021-07-29 06:19:19.000000 	212.000000	57.220027	-153.279177	103.215541	-0.024611	-0.006913	0.001856	0.215047	0.173972	0.317845	-0.116035	-0.020090	-0.004891	0.015145	0.158751	0.152472	0.359286
2021-07-29 06:19:20.000000 	213.000000	57.220027	-153.279177	103.215541	-0.033755	-0.006140	0.021333	0.203246	0.164432	0.300406	-0.099011	-0.016120	-0.009693	0.035754	0.150044	0.144108	0.339574
2021-07-29 06:19:21.000000 	214.000000	57.220027	-153.279177	103.215541	-0.050759	-0.010649	0.045431	0.292094	0.236322	0.431734	-0.135664	-0.017547	-0.013312	0.065335	0.215641	0.207108	0.488022
2021-07-29 06:19:22.000000 	215.000000	57.220027	-153.279177	103.215541	-0.027150	-0.002426	0.008138	0.301614	0.244034	0.445810	-0.163550	-0.016900	-0.010041	0.020562	0.222675	0.213863	0.503933
2021-07-29 06:19:23.000000 	216.000000	57.220027	-153.279177	103.215541	-0.032479	-0.003822	0.025663	0.381362	0.308570	0.563692	-0.201287	-0.011941	-0.011190	0.038214	0.281559	0.270415	0.637182
2021-07-29 06:19:24.000000 	217.000000	57.220027	-153.279177	103.215541	-0.026809	-0.022784	0.008969	0.408160	0.330266	0.603309	-0.222985	-0.023890	0.008296	0.026052	0.301353	0.289422	0.681963
2021-07-29 06:19:25.000000 	218.000000	57.220027	-153.279177	103.215541	-0.027993	-0.007970	0.027279	0.361110	0.292207	0.533770	-0.189817	-0.009266	-0.005469	0.038413	0.266622	0.256065	0.603357
2021-07-29 06:19:26.000000 	219.000000	57.220027	-153.279177	103.215541	-0.023536	-0.019749	0.009835	0.391335	0.316677	0.578454	-0.214165	-0.019816	0.007057	0.024459	0.288946	0.277503	0.653865
2021-07-29 06:19:27.000000 	220.000000	57.220027	-153.279177	103.215541	-0.021491	-0.015094	0.015515	0.245002	0.198269	0.362155	-0.128276	-0.013445	0.003819	0.027112	0.180904	0.173739	0.409366
2021-07-29 06:19:28.000000 	221.000000	57.220027	-153.279177	103.215541	-0.023007	-0.021810	0.029591	0.149579	0.121052	0.221106	-0.065944	-0.009501	0.009136	0.041315	0.110449	0.106073	0.249930
2021-07-29 06:19:29.000000 	222.000000	57.220027	-153.279177	103.215541	-0.026438	-0.012762	0.002957	0.209988	0.169947	0.310406	-0.111526	-0.023078	-0.000488	0.018378	0.155060	0.148915	0.350870
2021-07-29 06:19:30.000000 	223.000000	57.220027	-153.279177	103.215541	-0.044876	-0.032475	0.031940	0.360181	0.291513	0.532429	-0.180031	-0.028685	0.008828	0.056461	0.265973	0.255432	0.601834
2021-07-29 06:19:31.000000 	224.000000	57.220027	-153.279177	103.215541	-0.049265	-0.018163	0.047295	0.290370	0.235021	0.429238	-0.133723	-0.018256	-0.005928	0.068009	0.214427	0.205927	0.485190
2021-07-29 06:19:32.000000 	225.000000	57.220027	-153.279177	103.215541	-0.033039	-0.028633	0.023445	0.392824	0.317958	0.580697	-0.206129	-0.022942	0.010719	0.042660	0.290093	0.278592	0.656391
2021-07-29 06:19:33.000000 	226.000000	57.220027	-153.279177	103.215541	-0.054073	-0.012736	0.027392	0.519278	0.420329	0.767639	-0.273592	-0.030591	-0.012938	0.052280	0.383488	0.368282	0.867699
2021-07-29 06:19:34.000000 	227.000000	57.220027	-153.279177	103.215541	-0.029557	-0.012763	0.016050	0.479253	0.387946	0.708480	-0.261788	-0.018331	-0.001890	0.030894	0.353940	0.339902	0.800826
2021-07-29 06:19:35.000000 	228.000000	57.220027	-153.279177	103.215541	-0.042562	0.011928	0.018780	0.307809	0.249175	0.455039	-0.159401	-0.017285	-0.029792	0.033468	0.227330	0.218313	0.514349
2021-07-29 06:19:36.000000 	229.000000	57.220027	-153.279177	103.215541	-0.037011	-0.010986	0.019022	0.116675	0.094454	0.172485	-0.047473	-0.021648	-0.006829	0.036566	0.086172	0.082753	0.194967
2021-07-29 06:19:37.000000 	230.000000	57.220027	-153.279177	103.215541	-0.036244	-0.000716	0.016285	0.271107	0.219483	0.400793	-0.140169	-0.018671	-0.015657	0.031394	0.200236	0.192290	0.453030
2021-07-29 06:19:38.000000 	231.000000	57.220027	-153.279177	103.215541	-0.038272	-0.009911	0.034125	0.404586	0.327557	0.598128	-0.209314	-0.014012	-0.008356	0.049612	0.298830	0.286970	0.676085
2021-07-29 06:19:39.000000 	232.000000	57.220027	-153.279177	103.215541	-0.032446	-0.004369	0.002708	0.373580	0.302467	0.552296	-0.205700	-0.024551	-0.010687	0.019031	0.275936	0.264983	0.624277
2021-07-29 06:19:40.000000 	233.000000	57.220027	-153.279177	103.215541	-0.034302	-0.020925	0.026448	0.349614	0.283074	0.516871	-0.180480	-0.019351	0.003267	0.043919	0.258241	0.247989	0.584234
2021-07-29 06:19:41.000000 	234.000000	57.220027	-153.279177	103.215541	-0.017920	-0.015508	0.000931	0.333627	0.270141	0.493243	-0.186256	-0.018816	0.005794	0.013224	0.246440	0.236654	0.557525
2021-07-29 06:19:42.000000 	235.000000	57.220027	-153.279177	103.215541	-0.039086	-0.017046	0.031394	0.333416	0.269981	0.492936	-0.168202	-0.018799	-0.002349	0.049446	0.246291	0.236509	0.557176
2021-07-29 06:19:43.000000 	236.000000	57.220027	-153.279177	103.215541	-0.028223	-0.027950	0.025692	0.271817	0.220110	0.401870	-0.136460	-0.017851	0.012275	0.042054	0.200794	0.192818	0.454242
2021-07-29 06:19:44.000000 	237.000000	57.220027	-153.279177	103.215541	-0.027208	-0.025266	0.004566	0.405243	0.328169	0.599143	-0.222685	-0.027512	0.010334	0.023148	0.299366	0.287472	0.677221
2021-07-29 06:19:45.000000 	238.000000	57.220027	-153.279177	103.215541	-0.038751	-0.024506	0.037778	0.442981	0.358743	0.654944	-0.228574	-0.017911	0.004465	0.056468	0.327253	0.314249	0.740293
2021-07-29 06:19:46.000000 	239.000000	57.220027	-153.279177	103.215541	-0.044144	-0.026463	0.036292	0.339553	0.274995	0.502034	-0.167368	-0.023506	0.003788	0.058303	0.250853	0.240883	0.567455
2021-07-29 06:19:47.000000 	240.000000	57.220027	-153.279177	103.215541	-0.012342	-0.013890	0.006966	0.268568	0.217514	0.397085	-0.147965	-0.010748	0.006857	0.015206	0.198416	0.190529	0.448829
2021-07-29 06:19:48.000000 	241.000000	57.220027	-153.279177	103.215541	-0.049098	-0.014599	0.041772	0.304079	0.246285	0.449594	-0.144362	-0.019774	-0.009036	0.062418	0.224658	0.215726	0.508179
2021-07-29 06:19:49.000000 	242.000000	57.220027	-153.279177	103.215541	-0.030982	-0.013526	0.010289	0.135274	0.109568	0.200012	-0.063597	-0.022809	-0.001849	0.026926	0.099946	0.095971	0.226074
2021-07-29 06:19:50.000000 	243.000000	57.220027	-153.279177	103.215541	-0.038947	-0.008564	0.022654	0.146659	0.118794	0.216847	-0.063472	-0.020221	-0.009863	0.039966	0.108360	0.104050	0.245102
2021-07-29 06:19:51.000000 	244.000000	57.220027	-153.279177	103.215541	-0.031988	-0.008867	0.032684	0.247723	0.200664	0.366282	-0.120817	-0.009679	-0.006464	0.045107	0.183037	0.175756	0.414008
2021-07-29 06:19:52.000000 	245.000000	57.220027	-153.279177	103.215541	-0.041719	0.001339	0.022332	0.343513	0.278269	0.507924	-0.178482	-0.018733	-0.019954	0.038626	0.253822	0.243723	0.574104
2021-07-29 06:19:53.000000 	246.000000	57.220027	-153.279177	103.215541	-0.028708	-0.009748	0.012978	0.273447	0.221520	0.404328	-0.144346	-0.018217	-0.004201	0.027167	0.202056	0.194015	0.457009
2021-07-29 06:19:54.000000 	247.000000	57.220027	-153.279177	103.215541	-0.046238	-0.002795	0.036252	0.130707	0.105890	0.193269	-0.046485	-0.016153	-0.018294	0.053520	0.096585	0.092740	0.218450
2021-07-29 06:19:55.000000 	248.000000	57.220027	-153.279177	103.215541	-0.029412	-0.012122	0.007352	0.310719	0.251734	0.459450	-0.167689	-0.022689	-0.002397	0.023356	0.229610	0.220469	0.519310
2021-07-29 06:19:56.000000 	249.000000	57.220027	-153.279177	103.215541	-0.045119	-0.009245	0.028602	0.429470	0.347957	0.635051	-0.224112	-0.021892	-0.012030	0.048117	0.317372	0.304736	0.717788
2021-07-29 06:19:57.000000 	250.000000	57.220027	-153.279177	103.215541	-0.021267	-0.012356	0.008000	0.500489	0.405512	0.740073	-0.279671	-0.016311	0.001474	0.020018	0.369864	0.355135	0.836490
2021-07-29 06:19:58.000000 	251.000000	57.220027	-153.279177	103.215541	-0.046039	-0.030213	0.017959	0.535982	0.434288	0.792566	-0.287623	-0.036273	0.006285	0.044718	0.396105	0.380329	0.895820
2021-07-29 06:19:59.000000 	252.000000	57.220027	-153.279177	103.215541	-0.041907	-0.020238	0.036436	0.561401	0.454903	0.830164	-0.297422	-0.019395	-0.000766	0.055827	0.414903	0.398375	0.938314
2021-07-29 06:20:00.000000 	253.000000	57.220027	-153.279177	103.215541	-0.020429	-0.020201	0.016131	0.384018	0.311182	0.567868	-0.208455	-0.014245	0.008858	0.028359	0.283817	0.272508	0.641845
2021-07-29 06:20:01.000000 	254.000000	57.220027	-153.279177	103.215541	-0.040684	-0.020895	0.006998	0.194570	0.157673	0.287724	-0.095462	-0.034663	0.000371	0.030645	0.143805	0.138074	0.325206
2021-07-29 06:20:02.000000 	255.000000	57.220027	-153.279177	103.215541	-0.027628	-0.035442	0.012217	0.160231	0.129851	0.236947	-0.075217	-0.027532	0.019235	0.032260	0.118429	0.113709	0.267814
2021-07-29 06:20:03.000000 	256.000000	57.220027	-153.279177	103.215541	-0.024894	-0.012533	0.042107	0.362900	0.294105	0.536657	-0.185492	-0.000635	0.000001	0.050492	0.268232	0.257539	0.606565
2021-07-29 06:20:04.000000 	257.000000	57.220027	-153.279177	103.215541	-0.028696	-0.016777	0.015865	0.447067	0.362332	0.661131	-0.243246	-0.019303	0.002083	0.031300	0.330453	0.317277	0.747251
2021-07-29 06:20:05.000000 	258.000000	57.220027	-153.279177	103.215541	-0.043523	-0.004105	0.028897	0.335908	0.272252	0.496752	-0.170610	-0.018591	-0.015903	0.046342	0.248296	0.238394	0.561459
2021-07-29 06:20:06.000000 	259.000000	57.220027	-153.279177	103.215541	-0.042699	-0.021496	0.032513	0.066605	0.053986	0.098499	-0.007709	-0.022589	0.000001	0.053218	0.049235	0.047271	0.111329
2021-07-29 06:20:07.000000 	260.000000	57.220027	-153.279177	103.215541	-0.029487	-0.005777	0.028356	0.207761	0.168404	0.307252	-0.100365	-0.008975	-0.008099	0.039507	0.153582	0.147455	0.347272
2021-07-29 06:20:08.000000 	261.000000	57.220027	-153.279177	103.215541	-0.029851	-0.005022	0.019646	0.169132	0.137098	0.250126	-0.081226	-0.013679	-0.008936	0.032176	0.125030	0.120041	0.282705
2021-07-29 06:20:09.000000 	262.000000	57.220027	-153.279177	103.215541	-0.046576	-0.011977	0.031428	0.250111	0.202747	0.369889	-0.118023	-0.022489	-0.010245	0.051863	0.184898	0.177519	0.418066
2021-07-29 06:20:10.000000 	263.000000	57.220027	-153.279177	103.215541	-0.031130	-0.010134	0.010018	0.405084	0.328386	0.599086	-0.221195	-0.021785	-0.004946	0.025944	0.299473	0.287520	0.677113
2021-07-29 06:20:11.000000 	264.000000	57.220027	-153.279177	103.215541	-0.035665	0.002559	0.027327	0.458282	0.371528	0.677770	-0.245113	-0.011021	-0.018323	0.039600	0.338813	0.325286	0.766044
2021-07-29 06:20:12.000000 	265.000000	57.220027	-153.279177	103.215541	-0.044295	-0.018558	0.028819	0.328073	0.265978	0.485204	-0.164548	-0.024677	-0.003341	0.050168	0.242555	0.232870	0.548396
2021-07-29 06:20:13.000000 	266.000000	57.220027	-153.279177	103.215541	-0.037957	-0.015870	0.013788	0.281466	0.228202	0.416279	-0.145362	-0.027039	-0.002892	0.033812	0.208103	0.199792	0.470494
2021-07-29 06:20:14.000000 	267.000000	57.220027	-153.279177	103.215541	-0.024399	-0.015243	0.002953	0.276314	0.224034	0.408664	-0.150582	-0.022487	0.002644	0.017993	0.204300	0.196139	0.461885
2021-07-29 06:20:15.000000 	268.000000	57.220027	-153.279177	103.215541	-0.046979	-0.019246	0.035328	0.357046	0.289503	0.528071	-0.178025	-0.023428	-0.003933	0.057106	0.263999	0.253452	0.596842
2021-07-29 06:20:16.000000 	269.000000	57.220027	-153.279177	103.215541	-0.025783	-0.018763	0.022119	0.408902	0.331563	0.604773	-0.219345	-0.014480	0.005166	0.035633	0.302350	0.290269	0.683531
2021-07-29 06:20:17.000000 	270.000000	57.220027	-153.279177	103.215541	-0.040844	-0.029111	0.015461	0.386426	0.313351	0.571537	-0.203446	-0.033307	0.007637	0.039837	0.285739	0.274319	0.645964
2021-07-29 06:20:18.000000 	271.000000	57.220027	-153.279177	103.215541	-0.030576	-0.015290	0.023330	0.254740	0.206576	0.376773	-0.128457	-0.016111	-0.000091	0.038123	0.188371	0.180841	0.425837
2021-07-29 06:20:19.000000 	272.000000	57.220027	-153.279177	103.215541	-0.033172	-0.013905	0.031762	0.162887	0.132096	0.240921	-0.070968	-0.012972	-0.002495	0.046131	0.120453	0.115637	0.272293
2021-07-29 06:20:20.000000 	273.000000	57.220027	-153.279177	103.215541	-0.028462	-0.018753	0.029707	0.241809	0.196106	0.357655	-0.118660	-0.012380	0.003952	0.043306	0.178819	0.171669	0.404226
2021-07-29 06:20:21.000000 	274.000000	57.220027	-153.279177	103.215541	-0.037934	-0.021663	0.018641	0.288114	0.233669	0.426148	-0.146789	-0.026584	0.002292	0.039291	0.213069	0.204547	0.481638
2021-07-29 06:20:22.000000 	275.000000	57.220027	-153.279177	103.215541	-0.026381	-0.016209	0.020524	0.301574	0.244596	0.446063	-0.157868	-0.014827	0.002616	0.033959	0.223030	0.214108	0.504144
2021-07-29 06:20:23.000000 	276.000000	57.220027	-153.279177	103.215541	-0.044415	-0.002637	0.037861	0.321350	0.260646	0.475319	-0.158555	-0.013853	-0.017616	0.053953	0.237663	0.228154	0.537208
2021-07-29 06:20:24.000000 	277.000000	57.220027	-153.279177	103.215541	-0.024517	-0.009300	0.022721	0.395898	0.321124	0.585591	-0.212923	-0.009626	-0.002717	0.033224	0.292805	0.281088	0.661836
2021-07-29 06:20:25.000000 	278.000000	57.220027	-153.279177	103.215541	-0.049134	-0.008869	0.030370	0.347121	0.281571	0.513448	-0.174561	-0.023808	-0.014170	0.051454	0.256737	0.246462	0.580299
2021-07-29 06:20:26.000000 	279.000000	57.220027	-153.279177	103.215541	-0.034571	-0.009048	0.027603	0.379716	0.308024	0.561668	-0.198865	-0.014437	-0.007463	0.042129	0.280854	0.269611	0.634795
2021-07-29 06:20:27.000000 	280.000000	57.220027	-153.279177	103.215541	-0.035864	-0.010516	0.003082	0.307205	0.249214	0.454415	-0.165618	-0.029239	-0.006733	0.022494	0.227228	0.218130	0.513577
2021-07-29 06:20:28.000000 	281.000000	57.220027	-153.279177	103.215541	-0.045172	-0.015441	0.034613	0.394237	0.319830	0.583159	-0.200913	-0.021020	-0.006519	0.054705	0.291612	0.279934	0.659081
2021-07-29 06:20:29.000000 	282.000000	57.220027	-153.279177	103.215541	-0.037408	-0.028409	0.009247	0.359886	0.291974	0.532353	-0.191506	-0.033826	0.008555	0.032781	0.266211	0.255549	0.601658
2021-07-29 06:20:30.000000 	283.000000	57.220027	-153.279177	103.215541	-0.025168	-0.005074	0.021594	0.388193	0.314953	0.574231	-0.209151	-0.009128	-0.006785	0.031562	0.287159	0.275655	0.648987
2021-07-29 06:20:31.000000 	284.000000	57.220027	-153.279177	103.215541	-0.044818	-0.030156	0.023075	0.480856	0.390149	0.711310	-0.254260	-0.032564	0.006784	0.048415	0.355716	0.341463	0.803910
2021-07-29 06:20:32.000000 	285.000000	57.220027	-153.279177	103.215541	-0.027141	-0.005608	0.024022	0.364020	0.295365	0.538485	-0.193597	-0.009496	-0.007195	0.034687	0.269294	0.258502	0.608584
2021-07-29 06:20:33.000000 	286.000000	57.220027	-153.279177	103.215541	-0.033181	-0.024166	0.019851	0.287792	0.233523	0.425727	-0.147302	-0.023306	0.006666	0.038619	0.212908	0.204375	0.481147
2021-07-29 06:20:34.000000 	287.000000	57.220027	-153.279177	103.215541	-0.037679	-0.012177	0.030715	0.252577	0.204958	0.373639	-0.122589	-0.016269	-0.006066	0.047010	0.186862	0.179371	0.422276
2021-07-29 06:20:35.000000 	288.000000	57.220027	-153.279177	103.215541	-0.032041	-0.014409	0.011885	0.236508	0.191926	0.349871	-0.121949	-0.023074	-0.001537	0.028995	0.174980	0.167964	0.395414
2021-07-29 06:20:36.000000 	289.000000	57.220027	-153.279177	103.215541	-0.043722	-0.009192	0.033765	0.251881	0.204409	0.372616	-0.119411	-0.018028	-0.011449	0.051770	0.186358	0.178885	0.421118
2021-07-29 06:20:37.000000 	290.000000	57.220027	-153.279177	103.215541	-0.025309	-0.011896	0.024135	0.291717	0.236748	0.431552	-0.151549	-0.010436	-0.000754	0.035427	0.215839	0.207181	0.487724
2021-07-29 06:20:38.000000 	291.000000	57.220027	-153.279177	103.215541	-0.043447	-0.017766	0.033781	0.212589	0.172537	0.314497	-0.095684	-0.021055	-0.003667	0.053737	0.157298	0.150987	0.355432
2021-07-29 06:20:39.000000 	292.000000	57.220027	-153.279177	103.215541	-0.029856	-0.014857	0.024658	0.298366	0.242164	0.441398	-0.153634	-0.014687	-0.000154	0.038787	0.220772	0.211913	0.498849
2021-07-29 06:20:40.000000 	293.000000	57.220027	-153.279177	103.215541	-0.031061	-0.009536	0.014060	0.313117	0.254146	0.463224	-0.166506	-0.019319	-0.005449	0.029163	0.231694	0.222395	0.523514
2021-07-29 06:20:41.000000 	294.000000	57.220027	-153.279177	103.215541	-0.050787	-0.014704	0.032572	0.291036	0.236235	0.430563	-0.140035	-0.026064	-0.009702	0.055525	0.215362	0.206717	0.486601
2021-07-29 06:20:42.000000 	295.000000	57.220027	-153.279177	103.215541	-0.039612	-0.014254	0.027480	0.342754	0.278225	0.507080	-0.175590	-0.020258	-0.005080	0.045730	0.253640	0.243457	0.573075
2021-07-29 06:20:43.000000 	296.000000	57.220027	-153.279177	103.215541	-0.033808	-0.010889	0.029433	0.276812	0.224707	0.409528	-0.138509	-0.013570	-0.005476	0.043746	0.204849	0.196623	0.462826
2021-07-29 06:20:44.000000 	297.000000	57.220027	-153.279177	103.215541	-0.025705	-0.010370	0.009400	0.264403	0.214643	0.391173	-0.141488	-0.018135	-0.002296	0.022859	0.195672	0.187813	0.442082
2021-07-29 06:20:45.000000 	298.000000	57.220027	-153.279177	103.215541	-0.045078	-0.025295	0.030012	0.379332	0.307955	0.561211	-0.193132	-0.027165	0.002325	0.053190	0.280734	0.269457	0.634247
2021-07-29 06:20:46.000000 	299.000000	57.220027	-153.279177	103.215541	-0.024427	-0.006630	0.015409	0.385426	0.312916	0.570233	-0.210137	-0.012508	-0.005061	0.026382	0.285253	0.273792	0.644441
2021-07-29 06:20:47.000000 	300.000000	57.220027	-153.279177	103.215541	-0.045616	-0.021915	0.035095	0.343584	0.278958	0.508334	-0.170580	-0.023540	-0.000937	0.056901	0.254294	0.244075	0.574485
2021-07-29 06:20:48.000000 	301.000000	57.220027	-153.279177	103.215541	-0.022552	-0.009405	0.009424	0.406755	0.330260	0.601802	-0.225102	-0.015389	-0.001739	0.021119	0.301057	0.288958	0.680114
2021-07-29 06:20:49.000000 	302.000000	57.220027	-153.279177	103.215541	-0.041692	-0.019285	0.046941	0.216319	0.175645	0.320052	-0.093091	-0.013185	-0.001520	0.064323	0.160112	0.153676	0.361699
2021-07-29 06:20:50.000000 	303.000000	57.220027	-153.279177	103.215541	-0.027847	-0.011917	0.003973	0.083362	0.067691	0.123338	-0.036285	-0.023267	-0.001877	0.019708	0.061704	0.059223	0.139387
2021-07-29 06:20:51.000000 	304.000000	57.220027	-153.279177	103.215541	-0.033497	-0.011310	0.024469	0.221614	0.179960	0.327892	-0.108396	-0.016183	-0.004960	0.039524	0.164042	0.157445	0.370557
2021-07-29 06:20:52.000000 	305.000000	57.220027	-153.279177	103.215541	-0.028191	-0.020365	0.019726	0.327931	0.266305	0.485200	-0.172662	-0.018189	0.005514	0.035175	0.242747	0.232983	0.548333
2021-07-29 06:20:53.000000 	306.000000	57.220027	-153.279177	103.215541	-0.050374	-0.017000	0.026406	0.408760	0.331957	0.604798	-0.211004	-0.029960	-0.007466	0.050700	0.302588	0.290416	0.683491
2021-07-29 06:20:54.000000 	307.000000	57.220027	-153.279177	103.215541	-0.042181	-0.004897	0.031392	0.361192	0.293339	0.534422	-0.184942	-0.016532	-0.014592	0.047983	0.267384	0.256626	0.603956
2021-07-29 06:20:55.000000 	308.000000	57.220027	-153.279177	103.215541	-0.036890	-0.013675	0.021289	0.276643	0.224682	0.409327	-0.140442	-0.021347	-0.004373	0.039068	0.204800	0.196559	0.462583
2021-07-29 06:20:56.000000 	309.000000	57.220027	-153.279177	103.215541	-0.032777	-0.014505	0.031307	0.298242	0.242235	0.441290	-0.150234	-0.013148	-0.001782	0.045704	0.220798	0.211910	0.498704
2021-07-29 06:20:57.000000 	310.000000	57.220027	-153.279177	103.215541	-0.030496	-0.015912	0.020942	0.331939	0.269616	0.491154	-0.174386	-0.017579	0.000500	0.036228	0.245752	0.235859	0.555054
2021-07-29 06:20:58.000000 	311.000000	57.220027	-153.279177	103.215541	-0.026695	-0.010027	0.019212	0.353799	0.287383	0.523504	-0.189422	-0.013436	-0.003047	0.031503	0.261944	0.251397	0.591611
2021-07-29 06:20:59.000000 	312.000000	57.220027	-153.279177	103.215541	-0.039425	-0.009863	0.011863	0.308519	0.250614	0.456510	-0.162215	-0.026913	-0.008918	0.031441	0.228428	0.219229	0.515900
2021-07-29 06:21:00.000000 	313.000000	57.220027	-153.279177	103.215541	-0.029393	-0.024512	0.029890	0.379521	0.308303	0.561576	-0.197894	-0.015157	0.008678	0.045311	0.281007	0.269688	0.634632
2021-07-29 06:21:01.000000 	314.000000	57.220027	-153.279177	103.215541	-0.038643	-0.014218	0.030903	0.340964	0.276993	0.504528	-0.173605	-0.017663	-0.004676	0.048131	0.252466	0.242295	0.570161
2021-07-29 06:21:02.000000 	315.000000	57.220027	-153.279177	103.215541	-0.045301	-0.015767	0.029320	0.359715	0.292238	0.532279	-0.183027	-0.024106	-0.006286	0.050397	0.266358	0.255626	0.601520
2021-07-29 06:21:03.000000 	316.000000	57.220027	-153.279177	103.215541	-0.031982	-0.004168	0.008490	0.240139	0.195101	0.355344	-0.126473	-0.020997	-0.010658	0.023619	0.177822	0.170655	0.401567
2021-07-29 06:21:04.000000 	317.000000	57.220027	-153.279177	103.215541	-0.036829	-0.017992	0.039940	0.251022	0.203951	0.371450	-0.117819	-0.012835	-0.000489	0.055770	0.185886	0.178393	0.419768
2021-07-29 06:21:05.000000 	318.000000	57.220027	-153.279177	103.215541	-0.040309	-0.027916	0.027547	0.330900	0.268862	0.489655	-0.167080	-0.025910	0.006810	0.049449	0.245045	0.235166	0.553347
2021-07-29 06:21:06.000000 	319.000000	57.220027	-153.279177	103.215541	-0.025978	-0.013144	0.016998	0.321379	0.261137	0.475571	-0.171396	-0.015274	0.000059	0.030054	0.238002	0.228405	0.537429
2021-07-29 06:21:07.000000 	320.000000	57.220027	-153.279177	103.215541	-0.029071	-0.001319	0.029443	0.294054	0.238944	0.435140	-0.150828	-0.006390	-0.011894	0.039134	0.217774	0.208990	0.491739
2021-07-29 06:21:08.000000 	321.000000	57.220027	-153.279177	103.215541	-0.044490	-0.019803	0.033169	0.222220	0.180581	0.328844	-0.101117	-0.022939	-0.002317	0.054223	0.164579	0.157940	0.371615
2021-07-29 06:21:09.000000 	322.000000	57.220027	-153.279177	103.215541	-0.033797	-0.012498	0.016050	0.148695	0.120838	0.220043	-0.068730	-0.021415	-0.004033	0.032881	0.110129	0.105686	0.248662
2021-07-29 06:21:10.000000 	323.000000	57.220027	-153.279177	103.215541	-0.043529	-0.017073	0.033451	0.296572	0.241021	0.438879	-0.145077	-0.021032	-0.004323	0.053331	0.219659	0.210795	0.495959
2021-07-29 06:21:11.000000 	324.000000	57.220027	-153.279177	103.215541	-0.028185	-0.010597	0.010616	0.444046	0.360886	0.657123	-0.244757	-0.019424	-0.003208	0.025135	0.328898	0.315624	0.742585
2021-07-29 06:21:12.000000 	325.000000	57.220027	-153.279177	103.215541	-0.025151	-0.015191	0.029100	0.381991	0.310466	0.565296	-0.201875	-0.008875	0.002260	0.040327	0.282944	0.271522	0.638814
2021-07-29 06:21:13.000000 	326.000000	57.220027	-153.279177	103.215541	-0.045678	-0.004132	0.020613	0.439511	0.357231	0.650424	-0.233837	-0.024705	-0.016848	0.040426	0.325561	0.312416	0.735012
2021-07-29 06:21:14.000000 	327.000000	57.220027	-153.279177	103.215541	-0.033167	-0.023961	0.023757	0.266566	0.216672	0.394490	-0.133649	-0.021103	0.006489	0.041846	0.197461	0.189487	0.445792
2021-07-29 06:21:15.000000 	328.000000	57.220027	-153.279177	103.215541	-0.039119	-0.012542	0.023052	0.323110	0.262644	0.478174	-0.166368	-0.021639	-0.006387	0.041352	0.239355	0.229687	0.540358
2021-07-29 06:21:16.000000 	329.000000	57.220027	-153.279177	103.215541	-0.046849	-0.014627	0.038695	0.156330	0.127080	0.231356	-0.059905	-0.019762	-0.008001	0.058750	0.115810	0.111132	0.261442
2021-07-29 06:21:17.000000 	330.000000	57.220027	-153.279177	103.215541	-0.035027	-0.018460	0.037013	0.363241	0.295290	0.537575	-0.184841	-0.013243	0.000739	0.052552	0.269100	0.258227	0.607479
2021-07-29 06:21:18.000000 	331.000000	57.220027	-153.279177	103.215541	-0.018763	-0.003720	-0.005095	0.434776	0.353458	0.643448	-0.248744	-0.018255	-0.005114	0.005695	0.322106	0.309089	0.727118
2021-07-29 06:21:19.000000 	332.000000	57.220027	-153.279177	103.215541	-0.040833	-0.018213	0.034095	0.400227	0.325385	0.592323	-0.205902	-0.019090	-0.002092	0.052846	0.296520	0.284535	0.669343
2021-07-29 06:21:20.000000 	333.000000	57.220027	-153.279177	103.215541	-0.034102	-0.012659	0.034527	0.452661	0.368029	0.669929	-0.238630	-0.011701	-0.004027	0.048602	0.335378	0.321819	0.757037
2021-07-29 06:21:21.000000 	334.000000	57.220027	-153.279177	103.215541	-0.036392	-0.021221	0.028764	0.121475	0.098768	0.179783	-0.045852	-0.019778	0.002591	0.046948	0.090005	0.086365	0.203159
2021-07-29 06:21:22.000000 	335.000000	57.220027	-153.279177	103.215541	-0.033385	-0.003005	0.018529	0.123951	0.100785	0.183448	-0.054224	-0.016175	-0.012327	0.032455	0.091842	0.088127	0.207300
2021-07-29 06:21:23.000000 	336.000000	57.220027	-153.279177	103.215541	-0.044102	-0.026338	0.031351	0.154994	0.126031	0.229394	-0.061449	-0.026102	0.003695	0.054098	0.114847	0.110201	0.259219
2021-07-29 06:21:24.000000 	337.000000	57.220027	-153.279177	103.215541	-0.034330	-0.017543	0.025567	0.350507	0.285023	0.518762	-0.182272	-0.018570	0.000233	0.042368	0.259726	0.249218	0.586208
2021-07-29 06:21:25.000000 	338.000000	57.220027	-153.279177	103.215541	-0.036482	0.000091	0.022001	0.277052	0.225301	0.410050	-0.141872	-0.015451	-0.016485	0.036118	0.205303	0.196995	0.463361
2021-07-29 06:21:26.000000 	339.000000	57.220027	-153.279177	103.215541	-0.031657	-0.012557	0.023016	0.321842	0.261735	0.476346	-0.167882	-0.016060	-0.003018	0.037717	0.238501	0.228848	0.538274
2021-07-29 06:21:27.000000 	340.000000	57.220027	-153.279177	103.215541	-0.052319	-0.021092	0.028030	0.406502	0.330599	0.601654	-0.208298	-0.032087	-0.004686	0.054002	0.301249	0.289054	0.679871
2021-07-29 06:21:28.000000 	341.000000	57.220027	-153.279177	103.215541	-0.015009	-0.012406	0.018462	0.422840	0.343901	0.625841	-0.232870	-0.005966	0.004333	0.025801	0.313367	0.300679	0.707200
2021-07-29 06:21:29.000000 	342.000000	57.220027	-153.279177	103.215541	-0.041958	-0.011560	0.036127	0.442038	0.359530	0.654261	-0.229808	-0.016319	-0.008541	0.053479	0.327605	0.314338	0.739313
2021-07-29 06:21:30.000000 	343.000000	57.220027	-153.279177	103.215541	-0.038067	-0.007451	0.028201	0.555965	0.452212	0.822893	-0.300586	-0.016135	-0.010461	0.043933	0.412053	0.395364	0.929864
2021-07-29 06:21:31.000000 	344.000000	57.220027	-153.279177	103.215541	-0.030710	-0.021907	0.021788	0.489882	0.398478	0.725089	-0.265331	-0.019547	0.005759	0.038503	0.363088	0.348379	0.819343
2021-07-29 06:21:32.000000 	345.000000	57.220027	-153.279177	103.215541	-0.022516	-0.009392	0.025933	0.335687	0.273065	0.496865	-0.177657	-0.006419	-0.001735	0.034979	0.248811	0.238729	0.561451
2021-07-29 06:21:33.000000 	346.000000	57.220027	-153.279177	103.215541	-0.048794	-0.014161	0.040276	0.340325	0.276849	0.503734	-0.166757	-0.020191	-0.009291	0.060906	0.252256	0.242034	0.569211
2021-07-29 06:21:34.000000 	347.000000	57.220027	-153.279177	103.215541	-0.035093	-0.022336	0.021784	0.422635	0.343822	0.625571	-0.225019	-0.023003	0.004171	0.040723	0.313277	0.300579	0.706883
2021-07-29 06:21:35.000000 	348.000000	57.220027	-153.279177	103.215541	-0.027956	-0.007560	0.015389	0.337587	0.274645	0.499690	-0.181589	-0.015520	-0.005817	0.028299	0.250244	0.240099	0.564638
2021-07-29 06:21:36.000000 	349.000000	57.220027	-153.279177	103.215541	-0.048981	-0.016759	0.028570	0.281042	0.228653	0.415997	-0.136355	-0.027651	-0.007055	0.051788	0.208335	0.199888	0.470065
2021-07-29 06:21:37.000000 	350.000000	57.220027	-153.279177	103.215541	-0.042138	-0.009318	0.012068	0.272285	0.221538	0.403039	-0.140365	-0.028634	-0.010624	0.032793	0.201851	0.193665	0.455422
2021-07-29 06:21:38.000000 	351.000000	57.220027	-153.279177	103.215541	-0.025162	-0.005386	0.026000	0.250754	0.204028	0.371171	-0.127940	-0.006855	-0.006503	0.035339	0.185895	0.178355	0.419411
2021-07-29 06:21:39.000000 	352.000000	57.220027	-153.279177	103.215541	-0.038483	-0.017037	0.040668	0.093413	0.076010	0.138273	-0.024135	-0.013322	-0.002086	0.056949	0.069254	0.066444	0.156243
2021-07-29 06:21:40.000000 	353.000000	57.220027	-153.279177	103.215541	-0.037898	-0.017033	0.030129	0.253806	0.206529	0.375695	-0.123257	-0.018587	-0.001827	0.047805	0.188171	0.180535	0.424520
2021-07-29 06:21:41.000000 	354.000000	57.220027	-153.279177	103.215541	-0.023725	-0.012150	0.007414	0.172454	0.140337	0.255277	-0.089282	-0.018396	0.000185	0.020665	0.127861	0.122672	0.288452
2021-07-29 06:21:42.000000 	355.000000	57.220027	-153.279177	103.215541	-0.035044	-0.016457	0.033720	0.068484	0.055732	0.101376	-0.012914	-0.014282	-0.001058	0.049304	0.050777	0.048716	0.114549
2021-07-29 06:21:43.000000 	356.000000	57.220027	-153.279177	103.215541	-0.032932	-0.003933	0.036533	0.232154	0.188935	0.343655	-0.110782	-0.006438	-0.011295	0.047598	0.172136	0.165147	0.388313
2021-07-29 06:21:44.000000 	357.000000	57.220027	-153.279177	103.215541	-0.040078	-0.019512	0.022764	0.285206	0.232120	0.422190	-0.143517	-0.025149	-0.000593	0.043271	0.211479	0.202891	0.477051
2021-07-29 06:21:45.000000 	358.000000	57.220027	-153.279177	103.215541	-0.034004	-0.004408	0.024274	0.341097	0.277621	0.504931	-0.178772	-0.014060	-0.011352	0.037926	0.252931	0.242658	0.570542
2021-07-29 06:21:46.000000 	359.000000	57.220027	-153.279177	103.215541	-0.027321	-0.014068	0.020453	0.393251	0.320083	0.582140	-0.211577	-0.014762	0.000280	0.033833	0.291614	0.279768	0.657782
2021-07-29 06:21:47.000000 	360.000000	57.220027	-153.279177	103.215541	-0.052035	-0.012653	0.038674	0.340682	0.277307	0.504325	-0.166831	-0.022921	-0.012096	0.060760	0.252640	0.242375	0.569854
2021-07-29 06:21:48.000000 	361.000000	57.220027	-153.279177	103.215541	-0.024866	-0.019473	0.021709	0.239041	0.194581	0.353864	-0.121478	-0.014281	0.006212	0.035018	0.177272	0.170068	0.399842
2021-07-29 06:21:49.000000 	362.000000	57.220027	-153.279177	103.215541	-0.045266	-0.004445	0.042584	0.247256	0.201278	0.366029	-0.113430	-0.012618	-0.016384	0.058775	0.183371	0.175918	0.413587
2021-07-29 06:21:50.000000 	363.000000	57.220027	-153.279177	103.215541	-0.035084	-0.015579	-0.001663	0.330093	0.268722	0.488662	-0.180860	-0.033137	-0.001860	0.019361	0.244813	0.234860	0.552150
2021-07-29 06:21:51.000000 	364.000000	57.220027	-153.279177	103.215541	-0.041261	-0.017095	0.045167	0.340098	0.276879	0.503478	-0.166720	-0.012994	-0.003283	0.062090	0.252242	0.241986	0.568890
2021-07-29 06:21:52.000000 	365.000000	57.220027	-153.279177	103.215541	-0.027520	-0.010751	0.009352	0.335187	0.272893	0.496212	-0.182437	-0.019668	-0.002772	0.023788	0.248608	0.238497	0.560678
2021-07-29 06:21:53.000000 	366.000000	57.220027	-153.279177	103.215541	-0.027970	-0.013222	0.025332	0.299529	0.243873	0.443428	-0.155121	-0.012288	-0.000767	0.038043	0.222168	0.213131	0.501035
2021-07-29 06:21:54.000000 	367.000000	57.220027	-153.279177	103.215541	-0.040342	-0.021178	0.039597	0.421666	0.343330	0.624246	-0.216294	-0.016863	0.000777	0.057957	0.312771	0.300046	0.705342
2021-07-29 06:21:55.000000 	368.000000	57.220027	-153.279177	103.215541	-0.027420	-0.008337	0.022510	0.450608	0.366911	0.667098	-0.244690	-0.011556	-0.004883	0.034215	0.334250	0.320649	0.753759
2021-07-29 06:21:56.000000 	369.000000	57.220027	-153.279177	103.215541	-0.044263	-0.021061	0.045738	0.298394	0.242980	0.441758	-0.140917	-0.016439	-0.001091	0.064987	0.221349	0.212340	0.499144
2021-07-29 06:21:57.000000 	370.000000	57.220027	-153.279177	103.215541	-0.036293	-0.012798	0.021122	0.384270	0.312921	0.568898	-0.203772	-0.020658	-0.004888	0.038425	0.285062	0.273458	0.642797
2021-07-29 06:21:58.000000 	371.000000	57.220027	-153.279177	103.215541	-0.040414	-0.012228	0.035552	0.418011	0.340412	0.618855	-0.216655	-0.015724	-0.007250	0.052412	0.310102	0.297477	0.699242
2021-07-29 06:21:59.000000 	372.000000	57.220027	-153.279177	103.215541	-0.035775	-0.007975	0.030458	0.466747	0.380117	0.691014	-0.248706	-0.013391	-0.008963	0.044850	0.346269	0.332169	0.780771
2021-07-29 06:22:00.000000 	373.000000	57.220027	-153.279177	103.215541	-0.038242	-0.008661	0.005106	0.431814	0.351684	0.639302	-0.237426	-0.029228	-0.009459	0.024895	0.320365	0.307316	0.722340
2021-07-29 06:22:01.000000 	374.000000	57.220027	-153.279177	103.215541	-0.028353	-0.013740	0.034713	0.273793	0.222996	0.405355	-0.136295	-0.007693	-0.000476	0.046242	0.203135	0.194860	0.458004
2021-07-29 06:22:02.000000 	375.000000	57.220027	-153.279177	103.215541	-0.034683	-0.007893	0.015731	0.349694	0.284827	0.517731	-0.186689	-0.020512	-0.008545	0.031920	0.259457	0.248886	0.584975
2021-07-29 06:22:03.000000 	376.000000	57.220027	-153.279177	103.215541	-0.054305	-0.018798	0.051707	0.346115	0.281925	0.512437	-0.163726	-0.019893	-0.007628	0.074311	0.256811	0.246346	0.578992
2021-07-29 06:22:04.000000 	377.000000	57.220027	-153.279177	103.215541	-0.029180	-0.009261	0.025262	0.175994	0.143360	0.260568	-0.083215	-0.011737	-0.004849	0.037605	0.130588	0.125266	0.294409
2021-07-29 06:22:05.000000 	378.000000	57.220027	-153.279177	103.215541	-0.035800	-0.011502	0.014461	0.172441	0.140472	0.255309	-0.082890	-0.023404	-0.005823	0.032271	0.127957	0.122740	0.288466
2021-07-29 06:22:06.000000 	379.000000	57.220027	-153.279177	103.215541	-0.021331	-0.019053	0.011910	0.231237	0.188376	0.342363	-0.121844	-0.016774	0.007427	0.024968	0.171591	0.164594	0.386825
2021-07-29 06:22:07.000000 	380.000000	57.220027	-153.279177	103.215541	-0.044698	-0.012729	0.049807	0.296273	0.241368	0.438657	-0.138801	-0.011413	-0.008728	0.066590	0.219859	0.210893	0.495623
2021-07-29 06:22:08.000000 	381.000000	57.220027	-153.279177	103.215541	-0.036706	-0.013394	0.023909	0.375047	0.305557	0.555293	-0.197222	-0.019684	-0.004541	0.041113	0.278326	0.266973	0.627404
2021-07-29 06:22:09.000000 	382.000000	57.220027	-153.279177	103.215541	-0.021942	-0.006693	0.030420	0.186249	0.151747	0.275762	-0.089503	-0.002538	-0.003888	0.037816	0.138222	0.132583	0.311572
2021-07-29 06:22:10.000000 	383.000000	57.220027	-153.279177	103.215541	-0.040408	-0.017666	0.033427	0.221304	0.180315	0.327667	-0.102253	-0.018926	-0.002389	0.051945	0.164243	0.157541	0.370216
2021-07-29 06:22:11.000000 	384.000000	57.220027	-153.279177	103.215541	-0.041929	-0.013636	0.024530	0.247045	0.201298	0.365784	-0.120708	-0.023362	-0.006673	0.044220	0.183354	0.175871	0.413280
2021-07-29 06:22:12.000000 	385.000000	57.220027	-153.279177	103.215541	-0.028381	-0.007659	0.019101	0.275430	0.224436	0.407814	-0.144054	-0.013867	-0.005920	0.031648	0.204428	0.196083	0.460767
2021-07-29 06:22:13.000000 	386.000000	57.220027	-153.279177	103.215541	-0.042828	-0.014441	0.037891	0.252928	0.206110	0.374500	-0.118629	-0.017107	-0.006359	0.056084	0.187734	0.180069	0.423126
2021-07-29 06:22:14.000000 	387.000000	57.220027	-153.279177	103.215541	-0.022969	-0.002504	0.007212	0.288746	0.235308	0.427538	-0.158441	-0.014291	-0.008091	0.017781	0.214327	0.205575	0.483049
2021-07-29 06:22:15.000000 	388.000000	57.220027	-153.279177	103.215541	-0.049662	-0.021644	0.049447	0.377088	0.307314	0.558348	-0.183877	-0.018706	-0.002997	0.070858	0.279910	0.268478	0.630840
2021-07-29 06:22:16.000000 	389.000000	57.220027	-153.279177	103.215541	-0.038304	-0.007573	0.030672	0.451605	0.368058	0.668688	-0.239284	-0.015022	-0.010458	0.046155	0.335235	0.321540	0.755504
2021-07-29 06:22:17.000000 	390.000000	57.220027	-153.279177	103.215541	-0.033763	-0.015775	0.019670	0.401192	0.326986	0.594047	-0.214750	-0.020669	-0.001091	0.036706	0.297823	0.285655	0.671171
2021-07-29 06:22:18.000000 	391.000000	57.220027	-153.279177	103.215541	-0.034445	-0.010100	0.019102	0.111784	0.091112	0.165521	-0.045895	-0.019343	-0.006466	0.035177	0.082986	0.079594	0.187009
2021-07-29 06:22:19.000000 	392.000000	57.220027	-153.279177	103.215541	-0.048002	-0.015250	0.044613	0.191389	0.156003	0.283395	-0.078112	-0.017659	-0.007962	0.064435	0.142087	0.136279	0.320186
2021-07-29 06:22:20.000000 	393.000000	57.220027	-153.279177	103.215541	-0.021336	-0.006504	0.022302	0.317530	0.258833	0.470179	-0.169419	-0.006407	-0.003785	0.030651	0.235742	0.226105	0.531216
2021-07-29 06:22:21.000000 	394.000000	57.220027	-153.279177	103.215541	-0.044747	-0.016103	0.027600	0.443542	0.361567	0.656776	-0.233197	-0.024748	-0.005737	0.048765	0.329308	0.315843	0.742033
2021-07-29 06:22:22.000000 	395.000000	57.220027	-153.279177	103.215541	-0.036310	-0.015596	0.011914	0.358744	0.292454	0.531215	-0.192316	-0.026713	-0.002396	0.031373	0.266360	0.255466	0.600172
2021-07-29 06:22:23.000000 	396.000000	57.220027	-153.279177	103.215541	-0.030618	-0.003367	0.040054	0.376210	0.306705	0.557081	-0.194215	-0.002580	-0.010759	0.049302	0.279337	0.267911	0.629393
2021-07-29 06:22:24.000000 	397.000000	57.220027	-153.279177	103.215541	-0.035394	-0.026700	0.037027	0.394874	0.321935	0.584723	-0.202700	-0.016626	0.007934	0.054747	0.293206	0.281210	0.660621
2021-07-29 06:22:25.000000 	398.000000	57.220027	-153.279177	103.215541	-0.039883	-0.009024	0.023956	0.367266	0.299440	0.543846	-0.192275	-0.020392	-0.009873	0.041625	0.272716	0.261556	0.614437
2021-07-29 06:22:26.000000 	399.000000	57.220027	-153.279177	103.215541	-0.036879	-0.013147	0.028793	0.266902	0.217621	0.395231	-0.132352	-0.017076	-0.004839	0.045243	0.198197	0.190086	0.446530
2021-07-29 06:22:27.000000 	400.000000	57.220027	-153.279177	103.215541	-0.034256	-0.010811	0.024060	0.277536	0.226301	0.410981	-0.141413	-0.016785	-0.005747	0.039426	0.206101	0.197664	0.464322
2021-07-29 06:22:28.000000 	401.000000	57.220027	-153.279177	103.215541	-0.037122	-0.019048	0.034511	0.314776	0.256678	0.466130	-0.157388	-0.016394	0.000322	0.051605	0.233764	0.224193	0.526627
2021-07-29 06:22:29.000000 	402.000000	57.220027	-153.279177	103.215541	-0.046991	-0.009748	0.052743	0.303218	0.247264	0.449018	-0.141385	-0.010418	-0.012423	0.069441	0.225189	0.215967	0.507293
2021-07-29 06:22:30.000000 	403.000000	57.220027	-153.279177	103.215541	-0.021187	-0.019813	0.001699	0.457340	0.372962	0.677253	-0.257498	-0.022481	0.008171	0.016498	0.339662	0.325750	0.765146
2021-07-29 06:22:31.000000 	404.000000	57.220027	-153.279177	103.215541	-0.042821	-0.012559	0.034753	0.194920	0.158965	0.288650	-0.086073	-0.018089	-0.008037	0.052984	0.144771	0.138840	0.326110
2021-07-29 06:22:32.000000 	405.000000	57.220027	-153.279177	103.215541	-0.037922	-0.004094	0.023509	0.118510	0.096654	0.175499	-0.047500	-0.017297	-0.013395	0.039101	0.088023	0.084416	0.198274
2021-07-29 06:22:33.000000 	406.000000	57.220027	-153.279177	103.215541	-0.046153	-0.015542	0.042135	0.219676	0.179170	0.325314	-0.096396	-0.017723	-0.006870	0.061528	0.163169	0.156482	0.367530
2021-07-29 06:22:34.000000 	407.000000	57.220027	-153.279177	103.215541	-0.032167	-0.015955	0.038955	0.244228	0.199204	0.361677	-0.116213	-0.009097	-0.000212	0.052192	0.181412	0.173976	0.408610
2021-07-29 06:22:35.000000 	408.000000	57.220027	-153.279177	103.215541	-0.029509	-0.012293	0.007843	0.269766	0.220043	0.399499	-0.144389	-0.022561	-0.002288	0.023857	0.200389	0.192173	0.451338
2021-07-29 06:22:36.000000 	409.000000	57.220027	-153.279177	103.215541	-0.042273	-0.020070	0.041319	0.364686	0.297480	0.540069	-0.182293	-0.016962	-0.001081	0.060068	0.270907	0.259798	0.610147
2021-07-29 06:22:37.000000 	410.000000	57.220027	-153.279177	103.215541	-0.023839	-0.005734	0.021537	0.511482	0.417244	0.757469	-0.282028	-0.008410	-0.005598	0.031031	0.379969	0.364385	0.855752
2021-07-29 06:22:38.000000 	411.000000	57.220027	-153.279177	103.215541	-0.043763	-0.020534	0.037181	0.351366	0.286641	0.520353	-0.175683	-0.020498	-0.001337	0.057422	0.261032	0.250324	0.587868
2021-07-29 06:22:39.000000 	412.000000	57.220027	-153.279177	103.215541	-0.028042	-0.005441	0.011427	0.110436	0.090097	0.163551	-0.050752	-0.016929	-0.007749	0.024493	0.082047	0.078681	0.184771
2021-07-29 06:22:40.000000 	413.000000	57.220027	-153.279177	103.215541	-0.034898	-0.003934	0.025074	0.219594	0.179159	0.325211	-0.107631	-0.014119	-0.012178	0.038915	0.163150	0.156455	0.367404
2021-07-29 06:22:41.000000 	414.000000	57.220027	-153.279177	103.215541	-0.043216	-0.025566	0.046385	0.439809	0.358839	0.651345	-0.223292	-0.017005	0.003404	0.066122	0.326772	0.313360	0.735848
2021-07-29 06:22:42.000000 	415.000000	57.220027	-153.279177	103.215541	-0.027009	-0.005524	0.021229	0.476282	0.388615	0.705365	-0.260887	-0.010878	-0.007211	0.032254	0.353884	0.339356	0.796875
2021-07-29 06:22:43.000000 	416.000000	57.220027	-153.279177	103.215541	-0.051020	-0.006769	0.040789	0.388785	0.317237	0.575789	-0.195290	-0.018790	-0.016895	0.060615	0.288883	0.277022	0.650486
2021-07-29 06:22:44.000000 	417.000000	57.220027	-153.279177	103.215541	-0.030608	-0.024557	0.035093	0.588917	0.480561	0.872189	-0.318135	-0.013269	0.008172	0.050284	0.437605	0.419634	0.985335
2021-07-29 06:22:45.000000 	418.000000	57.220027	-153.279177	103.215541	-0.050352	-0.017080	0.022670	0.455547	0.371746	0.674672	-0.240557	-0.031996	-0.007384	0.047568	0.338515	0.324610	0.762192
2021-07-29 06:22:46.000000 	419.000000	57.220027	-153.279177	103.215541	-0.026514	-0.007729	0.023648	0.342575	0.279568	0.507362	-0.182090	-0.010029	-0.005018	0.034585	0.254575	0.244116	0.573176
2021-07-29 06:22:47.000000 	420.000000	57.220027	-153.279177	103.215541	-0.034630	-0.011693	0.036732	0.322668	0.263334	0.477882	-0.162675	-0.010539	-0.005127	0.050477	0.239790	0.229937	0.539871
2021-07-29 06:22:48.000000 	421.000000	57.220027	-153.279177	103.215541	-0.036315	-0.021348	0.029727	0.178419	0.145617	0.264246	-0.079482	-0.019247	0.002739	0.047752	0.132597	0.127147	0.298522
2021-07-29 06:22:49.000000 	422.000000	57.220027	-153.279177	103.215541	-0.036108	-0.007466	0.019668	0.267838	0.218606	0.396683	-0.137311	-0.019289	-0.009567	0.035815	0.199058	0.190876	0.448135
2021-07-29 06:22:50.000000 	423.000000	57.220027	-153.279177	103.215541	-0.036893	-0.018482	0.037274	0.346753	0.283028	0.513565	-0.175219	-0.014512	-0.000080	0.053679	0.257718	0.247122	0.580176
2021-07-29 06:22:51.000000 	424.000000	57.220027	-153.279177	103.215541	-0.039971	-0.019425	0.037308	0.399131	0.325795	0.591144	-0.204796	-0.017161	-0.000623	0.055426	0.296658	0.284459	0.667815
2021-07-29 06:22:52.000000 	425.000000	57.220027	-153.279177	103.215541	-0.022368	-0.001695	0.014804	0.172852	0.141098	0.256008	-0.088356	-0.009423	-0.008544	0.023676	0.128478	0.123194	0.289211
2021-07-29 06:22:53.000000 	426.000000	57.220027	-153.279177	103.215541	-0.046119	-0.014444	0.045001	0.100311	0.081888	0.148571	-0.024121	-0.015731	-0.007835	0.063654	0.074563	0.071496	0.167839
2021-07-29 06:22:54.000000 	427.000000	57.220027	-153.279177	103.215541	-0.035834	-0.011661	0.018059	0.190901	0.155846	0.282745	-0.092555	-0.021541	-0.005697	0.035351	0.141905	0.136066	0.319414
2021-07-29 06:22:55.000000 	428.000000	57.220027	-153.279177	103.215541	-0.035544	-0.005344	0.033584	0.163473	0.133460	0.242122	-0.071073	-0.010530	-0.011209	0.046726	0.121520	0.116520	0.273521
2021-07-29 06:22:56.000000 	429.000000	57.220027	-153.279177	103.215541	-0.050053	-0.007630	0.042553	0.239221	0.195310	0.354317	-0.107273	-0.017434	-0.015690	0.061840	0.177836	0.170516	0.400264
2021-07-29 06:22:57.000000 	430.000000	57.220027	-153.279177	103.215541	-0.027430	-0.011544	0.009546	0.350818	0.286436	0.519611	-0.191821	-0.019794	-0.002023	0.024101	0.260807	0.250070	0.586992
2021-07-29 06:22:58.000000 	431.000000	57.220027	-153.279177	103.215541	-0.037869	-0.013566	0.028131	0.194490	0.158804	0.288069	-0.089993	-0.018336	-0.004910	0.045267	0.144594	0.138640	0.325424
2021-07-29 06:22:59.000000 	432.000000	57.220027	-153.279177	103.215541	-0.043922	-0.023822	0.049353	0.205781	0.168030	0.304793	-0.085249	-0.015269	0.001529	0.068533	0.152994	0.146693	0.344315
2021-07-29 06:23:00.000000 	433.000000	57.220027	-153.279177	103.215541	-0.039838	0.000504	0.021113	0.409288	0.334220	0.606224	-0.218952	-0.018296	-0.018363	0.036894	0.304309	0.291774	0.684830
2021-07-29 06:23:01.000000 	434.000000	57.220027	-153.279177	103.215541	-0.026577	-0.020327	0.027339	0.388441	0.317210	0.575350	-0.206163	-0.012841	0.006206	0.040787	0.288819	0.276920	0.649950
2021-07-29 06:23:02.000000 	435.000000	57.220027	-153.279177	103.215541	-0.047664	-0.014308	0.046376	0.411254	0.335855	0.609145	-0.206684	-0.016094	-0.008652	0.065524	0.305793	0.293192	0.688124
2021-07-29 06:23:03.000000 	436.000000	57.220027	-153.279177	103.215541	-0.028738	-0.014399	0.017002	0.314194	0.256601	0.465383	-0.166976	-0.017819	-0.000061	0.031697	0.233631	0.224002	0.525721
2021-07-29 06:23:04.000000 	437.000000	57.220027	-153.279177	103.215541	-0.049177	-0.004411	0.036558	0.291618	0.238175	0.431947	-0.140974	-0.018805	-0.018173	0.055592	0.216853	0.207913	0.487948
2021-07-29 06:23:05.000000 	438.000000	57.220027	-153.279177	103.215541	-0.025878	-0.013439	0.023308	0.327147	0.267204	0.484576	-0.172984	-0.011895	0.000368	0.035382	0.243282	0.233251	0.547399
2021-07-29 06:23:06.000000 	439.000000	57.220027	-153.279177	103.215541	-0.043380	-0.011584	0.038872	0.175659	0.143480	0.260191	-0.073127	-0.015910	-0.009158	0.056481	0.130633	0.125246	0.293923
2021-07-29 06:23:07.000000 	440.000000	57.220027	-153.279177	103.215541	-0.035333	-0.009406	0.032561	0.192603	0.157327	0.285291	-0.088389	-0.012461	-0.007486	0.046752	0.143239	0.137331	0.322275
2021-07-29 06:23:08.000000 	441.000000	57.220027	-153.279177	103.215541	-0.043736	-0.019624	0.033520	0.450335	0.367870	0.667057	-0.235200	-0.022115	-0.002137	0.054110	0.334928	0.321110	0.753529
2021-07-29 06:23:09.000000 	442.000000	57.220027	-153.279177	103.215541	-0.033957	-0.016057	0.033339	0.552060	0.450988	0.817743	-0.297623	-0.013521	-0.000926	0.048360	0.410600	0.393657	0.923745
2021-07-29 06:23:10.000000 	443.000000	57.220027	-153.279177	103.215541	-0.043707	-0.015388	0.051354	0.375894	0.307088	0.556800	-0.185144	-0.010836	-0.005908	0.068059	0.279585	0.268047	0.628974
2021-07-29 06:23:11.000000 	444.000000	57.220027	-153.279177	103.215541	-0.041076	-0.017226	0.025268	0.242278	0.197939	0.358880	-0.117814	-0.023678	-0.003083	0.045302	0.180210	0.172771	0.405399
2021-07-29 06:23:12.000000 	445.000000	57.220027	-153.279177	103.215541	-0.030879	0.000306	0.023163	0.297081	0.242724	0.440062	-0.155360	-0.010533	-0.014158	0.034333	0.220982	0.211858	0.497102
2021-07-29 06:23:13.000000 	446.000000	57.220027	-153.279177	103.215541	-0.038233	-0.013205	0.018910	0.156947	0.128236	0.232485	-0.071295	-0.023466	-0.005397	0.037603	0.116748	0.111927	0.262617
2021-07-29 06:23:14.000000 	447.000000	57.220027	-153.279177	103.215541	-0.045339	-0.017962	0.057427	0.284813	0.232721	0.421894	-0.128720	-0.009747	-0.004343	0.074581	0.211872	0.203121	0.476575
2021-07-29 06:23:15.000000 	448.000000	57.220027	-153.279177	103.215541	-0.039961	-0.013587	0.035512	0.366733	0.299671	0.543247	-0.187366	-0.015919	-0.005832	0.052489	0.272823	0.261553	0.613654
2021-07-29 06:23:16.000000 	449.000000	57.220027	-153.279177	103.215541	-0.034972	-0.006823	0.027507	0.483446	0.395060	0.716140	-0.260606	-0.013949	-0.009631	0.041700	0.359663	0.344802	0.808952
2021-07-29 06:23:17.000000 	450.000000	57.220027	-153.279177	103.215541	-0.041069	-0.011309	0.044906	0.398818	0.325919	0.590782	-0.202281	-0.010804	-0.008365	0.060369	0.296715	0.284453	0.667346
