2021-07-29 06:12:43.000000 	-184.000000	58.609717	-152.394075	157.200020	-0.025180	-0.018919	-0.006781	0.340319	0.270622	0.498705	-0.188818	-0.030064	0.005097	0.010400	0.248779	0.239539	0.564349
2021-07-29 06:12:44.000000 	-183.000000	58.609717	-152.394075	157.200020	-0.022288	-0.014463	0.016837	0.366864	0.291738	0.537615	-0.196420	-0.013811	0.002488	0.028151	0.268186	0.258223	0.608382
2021-07-29 06:12:45.000000 	-182.000000	58.609717	-152.394075	157.200020	-0.035792	-0.016325	0.029773	0.263438	0.209498	0.386061	-0.127842	-0.018025	-0.002119	0.045876	0.192581	0.185425	0.436878
2021-07-29 06:12:46.000000 	-181.000000	58.609717	-152.394075	157.200020	-0.018981	-0.006810	-0.004949	0.398729	0.317097	0.584339	-0.224813	-0.019630	-0.002760	0.006180	0.291485	0.280653	0.661255
2021-07-29 06:12:47.000000 	-180.000000	58.609717	-152.394075	157.200020	-0.042957	-0.020618	0.028565	0.261192	0.207724	0.382785	-0.124340	-0.025772	-0.001635	0.049188	0.190942	0.183845	0.433171
2021-07-29 06:12:48.000000 	-179.000000	58.609717	-152.394075	157.200020	-0.032801	-0.013665	0.004540	0.380626	0.302719	0.557833	-0.206136	-0.027853	-0.003090	0.022314	0.278256	0.267912	0.631261
2021-07-29 06:12:49.000000 	-178.000000	58.609717	-152.394075	157.200020	-0.023457	-0.014073	0.003459	0.314785	0.250361	0.461348	-0.171362	-0.021509	0.001601	0.017176	0.230124	0.221568	0.522075
2021-07-29 06:12:50.000000 	-177.000000	58.609717	-152.394075	157.200020	-0.039175	-0.013849	0.025679	0.312058	0.248200	0.457362	-0.156699	-0.021737	-0.005881	0.043345	0.228133	0.219649	0.517564
2021-07-29 06:12:51.000000 	-176.000000	58.609717	-152.394075	157.200020	-0.027000	-0.024950	0.005509	0.293088	0.233119	0.429569	-0.155747	-0.027424	0.009599	0.023186	0.214266	0.206297	0.486113
2021-07-29 06:12:52.000000 	-175.000000	58.609717	-152.394075	157.200020	-0.021811	-0.012062	0.008644	0.385238	0.306422	0.564642	-0.210542	-0.016768	0.000582	0.020357	0.281636	0.271160	0.638965
2021-07-29 06:12:53.000000 	-174.000000	58.609717	-152.394075	157.200020	-0.028438	-0.014450	0.012336	0.262597	0.208879	0.384896	-0.136470	-0.020803	-0.000374	0.027144	0.191979	0.184836	0.435559
2021-07-29 06:12:54.000000 	-173.000000	58.609717	-152.394075	157.200020	-0.038302	-0.008627	0.005382	0.302178	0.240369	0.442920	-0.159469	-0.029583	-0.010104	0.024356	0.220917	0.212696	0.501221
2021-07-29 06:12:55.000000 	-172.000000	58.609717	-152.394075	157.200020	-0.024826	-0.017509	0.015566	0.421380	0.335200	0.617655	-0.227205	-0.017598	0.004011	0.028973	0.308066	0.296601	0.698957
2021-07-29 06:12:56.000000 	-171.000000	58.609717	-152.394075	157.200020	-0.031833	-0.017792	0.013442	0.283120	0.225223	0.415004	-0.146482	-0.024117	0.001016	0.030462	0.206988	0.199283	0.469631
2021-07-29 06:12:57.000000 	-170.000000	58.609717	-152.394075	157.200020	-0.025267	-0.016640	0.006330	0.314135	0.249903	0.460476	-0.169095	-0.022398	0.003037	0.021082	0.229664	0.221114	0.521089
2021-07-29 06:12:58.000000 	-169.000000	58.609717	-152.394075	157.200020	-0.032106	-0.018042	0.013623	0.279900	0.222675	0.410302	-0.144449	-0.024328	0.001111	0.030803	0.204637	0.197017	0.464310
2021-07-29 06:12:59.000000 	-168.000000	58.609717	-152.394075	157.200020	-0.021721	-0.011196	0.002780	0.372609	0.296439	0.546215	-0.205663	-0.019412	-0.000144	0.015101	0.272420	0.262274	0.618113
2021-07-29 06:13:00.000000 	-167.000000	58.609717	-152.394075	157.200020	-0.037303	-0.027931	0.015148	0.304754	0.242462	0.446755	-0.155423	-0.031377	0.007465	0.036890	0.222812	0.214513	0.505561
2021-07-29 06:13:01.000000 	-166.000000	58.609717	-152.394075	157.200020	-0.039375	-0.007556	0.013598	0.266233	0.211821	0.390294	-0.135419	-0.025692	-0.011550	0.031606	0.194651	0.187399	0.441668
2021-07-29 06:13:02.000000 	-165.000000	58.609717	-152.394075	157.200020	-0.027254	-0.019822	0.019836	0.354542	0.282090	0.519764	-0.186223	-0.018126	0.004936	0.034297	0.259217	0.249559	0.588180
2021-07-29 06:13:03.000000 	-164.000000	58.609717	-152.394075	157.200020	-0.027025	-0.007834	0.012201	0.308270	0.245282	0.451939	-0.163910	-0.017187	-0.005580	0.024780	0.225389	0.216989	0.511428
2021-07-29 06:13:04.000000 	-163.000000	58.609717	-152.394075	157.200020	-0.031161	-0.015004	0.033275	0.351483	0.279673	0.515302	-0.178628	-0.012175	-0.001144	0.046409	0.256986	0.247407	0.583131
2021-07-29 06:13:05.000000 	-162.000000	58.609717	-152.394075	157.200020	-0.029234	-0.018887	-0.015845	0.345272	0.274739	0.506207	-0.193801	-0.037838	0.003191	0.004526	0.252447	0.243036	0.572839
2021-07-29 06:13:06.000000 	-161.000000	58.609717	-152.394075	157.200020	-0.034720	-0.010492	0.019645	0.305925	0.243437	0.448530	-0.157174	-0.020182	-0.006792	0.035328	0.223680	0.215340	0.507569
2021-07-29 06:13:07.000000 	-160.000000	58.609717	-152.394075	157.200020	-0.023512	-0.020084	0.009109	0.306332	0.243768	0.449136	-0.163655	-0.020986	0.006902	0.023475	0.223980	0.215627	0.508255
2021-07-29 06:13:08.000000 	-159.000000	58.609717	-152.394075	157.200020	-0.030177	-0.013572	0.023569	0.302447	0.240684	0.443450	-0.154678	-0.015920	-0.001957	0.037324	0.221141	0.212893	0.501821
2021-07-29 06:13:09.000000 	-158.000000	58.609717	-152.394075	157.200020	-0.030581	-0.020348	0.001171	0.396470	0.315516	0.581320	-0.216455	-0.030572	0.003861	0.020026	0.289891	0.279077	0.657838
2021-07-29 06:13:10.000000 	-157.000000	58.609717	-152.394075	157.200020	-0.038205	-0.004224	0.012785	0.246228	0.195958	0.361037	-0.124840	-0.023912	-0.013961	0.029567	0.180039	0.173322	0.408560
2021-07-29 06:13:11.000000 	-156.000000	58.609717	-152.394075	157.200020	-0.026727	-0.025036	0.000553	0.324019	0.257874	0.475109	-0.175515	-0.029834	0.009800	0.018851	0.236920	0.228079	0.537647
2021-07-29 06:13:12.000000 	-155.000000	58.609717	-152.394075	157.200020	-0.022034	-0.004462	0.007891	0.319079	0.253950	0.467876	-0.173547	-0.014323	-0.006256	0.017983	0.233311	0.224603	0.529462
2021-07-29 06:13:13.000000 	-154.000000	58.609717	-152.394075	157.200020	-0.038975	-0.027503	0.032322	0.347729	0.276761	0.509897	-0.173230	-0.023527	0.006312	0.052219	0.254262	0.244771	0.577014
2021-07-29 06:13:14.000000 	-153.000000	58.609717	-152.394075	157.200020	-0.018411	-0.005884	-0.003899	0.308306	0.245391	0.452099	-0.172758	-0.018285	-0.003317	0.006589	0.225438	0.217021	0.511608
2021-07-29 06:13:15.000000 	-152.000000	58.609717	-152.394075	157.200020	-0.031359	-0.024307	0.013555	0.290542	0.231259	0.426060	-0.150080	-0.026277	0.007009	0.031912	0.212451	0.204518	0.482141
2021-07-29 06:13:16.000000 	-151.000000	58.609717	-152.394075	157.200020	-0.025971	-0.010988	0.008733	0.344084	0.273885	0.504586	-0.185830	-0.019443	-0.002297	0.022094	0.251604	0.242207	0.571003
2021-07-29 06:13:17.000000 	-150.000000	58.609717	-152.394075	157.200020	-0.036250	-0.015753	0.012071	0.298774	0.237826	0.438149	-0.154933	-0.027366	-0.002838	0.030838	0.218474	0.210313	0.495822
2021-07-29 06:13:18.000000 	-149.000000	58.609717	-152.394075	157.200020	-0.040409	-0.019047	0.038905	0.280033	0.222914	0.410674	-0.132189	-0.017837	-0.001846	0.056460	0.204772	0.197121	0.464730
2021-07-29 06:13:19.000000 	-148.000000	58.609717	-152.394075	157.200020	-0.026907	-0.009878	0.001980	0.434185	0.345634	0.636755	-0.240028	-0.023230	-0.003715	0.016494	0.317497	0.305634	0.720570
2021-07-29 06:13:20.000000 	-147.000000	58.609717	-152.394075	157.200020	-0.023106	-0.027812	0.017018	0.241999	0.192650	0.354913	-0.122661	-0.019616	0.013939	0.031905	0.176964	0.170350	0.401629
2021-07-29 06:13:21.000000 	-146.000000	58.609717	-152.394075	157.200020	-0.021706	-0.000175	-0.001392	0.330245	0.262909	0.484343	-0.184002	-0.017214	-0.009904	0.008873	0.241496	0.232469	0.548096
2021-07-29 06:13:22.000000 	-145.000000	58.609717	-152.394075	157.200020	-0.044725	-0.020743	0.027530	0.286018	0.227707	0.419488	-0.138552	-0.027698	-0.002343	0.049150	0.209157	0.201337	0.474704
2021-07-29 06:13:23.000000 	-144.000000	58.609717	-152.394075	157.200020	-0.033147	-0.022696	0.011636	0.324058	0.257999	0.475288	-0.169808	-0.027991	0.004753	0.030710	0.236976	0.228115	0.537849
2021-07-29 06:13:24.000000 	-143.000000	58.609717	-152.394075	157.200020	-0.027499	-0.018883	0.009379	0.382077	0.304200	0.560395	-0.206142	-0.023386	0.003990	0.025256	0.279407	0.268958	0.634158
2021-07-29 06:13:25.000000 	-142.000000	58.609717	-152.394075	157.200020	-0.042686	-0.018911	0.010743	0.294929	0.234823	0.432585	-0.150850	-0.034175	-0.003022	0.033438	0.215680	0.207612	0.489524
2021-07-29 06:13:26.000000 	-141.000000	58.609717	-152.394075	157.200020	-0.019101	-0.004656	0.009654	0.300859	0.239551	0.441291	-0.163228	-0.011262	-0.004725	0.018181	0.220018	0.211787	0.499376
2021-07-29 06:13:27.000000 	-140.000000	58.609717	-152.394075	157.200020	-0.033827	-0.020995	0.021898	0.363911	0.289763	0.533786	-0.188847	-0.022487	0.002930	0.039374	0.266131	0.256173	0.604046
2021-07-29 06:13:28.000000 	-139.000000	58.609717	-152.394075	157.200020	-0.028426	-0.011811	0.007726	0.290886	0.231625	0.426682	-0.154825	-0.022151	-0.002706	0.022567	0.212729	0.204768	0.482844
2021-07-29 06:13:29.000000 	-138.000000	58.609717	-152.394075	157.200020	-0.034902	-0.018734	0.010519	0.360885	0.287372	0.529370	-0.191394	-0.028333	0.000428	0.029611	0.263923	0.254045	0.599048
2021-07-29 06:13:30.000000 	-137.000000	58.609717	-152.394075	157.200020	-0.026217	-0.021056	0.011635	0.241443	0.192266	0.354172	-0.124433	-0.022101	0.006510	0.027116	0.176574	0.169964	0.400790
2021-07-29 06:13:31.000000 	-136.000000	58.609717	-152.394075	157.200020	-0.028891	-0.006644	0.018838	0.403495	0.321321	0.591897	-0.215670	-0.014671	-0.007500	0.031019	0.295091	0.284042	0.669806
2021-07-29 06:13:32.000000 	-135.000000	58.609717	-152.394075	157.200020	-0.044214	-0.017241	0.022741	0.262583	0.209113	0.385197	-0.127371	-0.028421	-0.005210	0.043982	0.192038	0.184847	0.435899
2021-07-29 06:13:33.000000 	-134.000000	58.609717	-152.394075	157.200020	-0.027167	-0.016657	0.013074	0.323259	0.257441	0.474217	-0.171262	-0.020330	0.002172	0.027720	0.236416	0.227561	0.536635
2021-07-29 06:13:34.000000 	-133.000000	58.609717	-152.394075	157.200020	-0.029893	-0.022931	-0.007060	0.367141	0.292398	0.538602	-0.202552	-0.035361	0.006468	0.013306	0.268512	0.258453	0.609496
2021-07-29 06:13:35.000000 	-132.000000	58.609717	-152.394075	157.200020	-0.038648	-0.017872	0.032979	0.289751	0.230770	0.425079	-0.140788	-0.019128	-0.002072	0.050305	0.211914	0.203974	0.481029
2021-07-29 06:13:36.000000 	-131.000000	58.609717	-152.394075	157.200020	-0.012460	0.000741	-0.011009	0.366460	0.291873	0.537626	-0.211195	-0.014867	-0.006430	-0.003825	0.268019	0.257976	0.608390
2021-07-29 06:13:37.000000 	-130.000000	58.609717	-152.394075	157.200020	-0.047812	-0.031449	0.027569	0.303468	0.241709	0.445221	-0.146367	-0.034248	0.005713	0.053192	0.221951	0.213632	0.503822
2021-07-29 06:13:38.000000 	-129.000000	58.609717	-152.394075	157.200020	-0.024160	-0.009694	0.023398	0.297777	0.237184	0.436881	-0.154193	-0.009924	-0.002605	0.033464	0.217791	0.209627	0.494385
2021-07-29 06:13:39.000000 	-128.000000	58.609717	-152.394075	157.200020	-0.021634	-0.004146	-0.004805	0.336719	0.268210	0.494025	-0.188694	-0.020508	-0.006351	0.006885	0.246275	0.237042	0.559049
2021-07-29 06:13:40.000000 	-127.000000	58.609717	-152.394075	157.200020	-0.031167	-0.025256	0.022425	0.214759	0.171069	0.315095	-0.102884	-0.021886	0.007938	0.039624	0.157076	0.151186	0.356568
2021-07-29 06:13:41.000000 	-126.000000	58.609717	-152.394075	157.200020	-0.034215	-0.012527	-0.007697	0.392787	0.312890	0.576310	-0.217464	-0.034846	-0.004754	0.012246	0.287289	0.276515	0.652165
2021-07-29 06:13:42.000000 	-125.000000	58.609717	-152.394075	157.200020	-0.042921	-0.022757	0.032776	0.304216	0.242343	0.446365	-0.147394	-0.024398	0.000277	0.053282	0.222510	0.214163	0.505116
2021-07-29 06:13:43.000000 	-124.000000	58.609717	-152.394075	157.200020	-0.013487	-0.006988	0.010326	0.318481	0.253715	0.467306	-0.174423	-0.007588	-0.000057	0.016727	0.232946	0.224207	0.528813
2021-07-29 06:13:44.000000 	-123.000000	58.609717	-152.394075	157.200020	-0.027910	-0.016206	0.006897	0.323311	0.257570	0.474402	-0.173493	-0.023931	0.001428	0.022681	0.236481	0.227607	0.536843
2021-07-29 06:13:45.000000 	-122.000000	58.609717	-152.394075	157.200020	-0.034300	-0.014599	0.021963	0.331712	0.264271	0.486739	-0.170876	-0.020282	-0.002957	0.038104	0.242629	0.233523	0.550804
2021-07-29 06:13:46.000000 	-121.000000	58.609717	-152.394075	157.200020	-0.019707	-0.017540	0.006190	0.258287	0.205781	0.379007	-0.138550	-0.018621	0.006411	0.018614	0.188925	0.181833	0.428892
2021-07-29 06:13:47.000000 	-120.000000	58.609717	-152.394075	157.200020	-0.022629	-0.003746	-0.004103	0.347404	0.276790	0.509786	-0.194332	-0.020737	-0.007166	0.007847	0.254112	0.244572	0.576885
2021-07-29 06:13:48.000000 	-119.000000	58.609717	-152.394075	157.200020	-0.052875	-0.025386	0.021519	0.242845	0.193490	0.356362	-0.112529	-0.038831	-0.002006	0.048902	0.177633	0.170963	0.403266
2021-07-29 06:13:49.000000 	-118.000000	58.609717	-152.394075	157.200020	-0.020292	-0.011137	0.020835	0.398088	0.317192	0.584185	-0.213749	-0.008903	0.000466	0.029840	0.291192	0.280256	0.661075
2021-07-29 06:13:50.000000 	-117.000000	58.609717	-152.394075	157.200020	-0.049452	-0.028514	0.020265	0.338865	0.270012	0.497286	-0.169477	-0.038132	0.002352	0.047006	0.247874	0.238564	0.562738
2021-07-29 06:13:51.000000 	-116.000000	58.609717	-152.394075	157.200020	-0.020274	-0.009976	0.013738	0.317676	0.253136	0.466202	-0.170481	-0.012128	-0.000554	0.023493	0.232378	0.223648	0.527563
2021-07-29 06:13:52.000000 	-115.000000	58.609717	-152.394075	157.200020	-0.034289	-0.021486	0.021301	0.341747	0.272325	0.501536	-0.176164	-0.023342	0.003151	0.039196	0.249988	0.240595	0.567547
2021-07-29 06:13:53.000000 	-114.000000	58.609717	-152.394075	157.200020	-0.021755	-0.007505	-0.016906	0.300015	0.239078	0.440300	-0.171699	-0.028231	-0.003431	-0.002579	0.219463	0.211216	0.498252
2021-07-29 06:13:54.000000 	-113.000000	58.609717	-152.394075	157.200020	-0.032420	-0.019263	0.028883	0.311415	0.248171	0.457042	-0.156555	-0.017100	0.002047	0.044270	0.227806	0.219243	0.517197
2021-07-29 06:13:55.000000 	-112.000000	58.609717	-152.394075	157.200020	-0.042180	-0.017815	0.025850	0.324071	0.258264	0.475625	-0.162307	-0.025490	-0.003759	0.045835	0.237066	0.228154	0.538226
2021-07-29 06:13:56.000000 	-111.000000	58.609717	-152.394075	157.200020	-0.035071	-0.009058	0.018354	0.362561	0.288947	0.532125	-0.190359	-0.020553	-0.008224	0.034041	0.265226	0.255253	0.602162
2021-07-29 06:13:57.000000 	-110.000000	58.609717	-152.394075	157.200020	-0.013481	-0.015115	0.004705	0.304050	0.242324	0.446259	-0.167466	-0.013726	0.007147	0.013887	0.222425	0.214060	0.504994
2021-07-29 06:13:58.000000 	-109.000000	58.609717	-152.394075	157.200020	-0.032040	-0.012656	0.004002	0.340271	0.271200	0.499432	-0.183530	-0.027158	-0.003632	0.021259	0.248926	0.239563	0.565165
2021-07-29 06:13:59.000000 	-108.000000	58.609717	-152.394075	157.200020	-0.039931	-0.018260	0.019683	0.302402	0.241026	0.443859	-0.152798	-0.027177	-0.002322	0.039641	0.221225	0.212903	0.502278
2021-07-29 06:14:00.000000 	-107.000000	58.609717	-152.394075	157.200020	-0.032078	-0.024200	0.016875	0.290694	0.231701	0.426682	-0.148763	-0.025048	0.006580	0.035052	0.212662	0.204660	0.482840
2021-07-29 06:14:01.000000 	-106.000000	58.609717	-152.394075	157.200020	-0.019029	-0.014064	0.004482	0.321259	0.256071	0.471556	-0.176036	-0.017623	0.003645	0.016004	0.235026	0.226181	0.533620
2021-07-29 06:14:02.000000 	-105.000000	58.609717	-152.394075	157.200020	-0.037234	-0.012781	0.021950	0.337450	0.268985	0.495331	-0.173530	-0.021789	-0.005928	0.039008	0.246873	0.237581	0.560524
2021-07-29 06:14:03.000000 	-104.000000	58.609717	-152.394075	157.200020	-0.027752	-0.016261	0.010479	0.353244	0.281584	0.518525	-0.189420	-0.021967	0.001550	0.025679	0.258431	0.248702	0.586771
2021-07-29 06:14:04.000000 	-103.000000	58.609717	-152.394075	157.200020	-0.028781	-0.018648	0.020883	0.318641	0.254008	0.467741	-0.164951	-0.018271	0.003188	0.035612	0.233118	0.224341	0.529302
2021-07-29 06:14:05.000000 	-102.000000	58.609717	-152.394075	157.200020	-0.032888	-0.013152	0.008200	0.299985	0.239144	0.440364	-0.158447	-0.025810	-0.003585	0.025354	0.219472	0.211207	0.498322
2021-07-29 06:14:06.000000 	-101.000000	58.609717	-152.394075	157.200020	-0.035459	-0.019463	0.026367	0.316036	0.251948	0.463936	-0.159312	-0.020789	0.000816	0.043573	0.231218	0.222509	0.524996
2021-07-29 06:14:07.000000 	-100.000000	58.609717	-152.394075	157.200020	-0.022385	-0.015125	0.001840	0.335005	0.267079	0.491792	-0.183885	-0.021958	0.003030	0.015554	0.245099	0.235866	0.556518
2021-07-29 06:14:08.000000 	-99.000000	58.609717	-152.394075	157.200020	-0.032649	-0.013535	0.024498	0.308435	0.245904	0.452796	-0.157121	-0.017291	-0.003135	0.039249	0.225663	0.217160	0.512390
2021-07-29 06:14:09.000000 	-98.000000	58.609717	-152.394075	157.200020	-0.037637	-0.019550	0.007144	0.313679	0.250093	0.460504	-0.164579	-0.032482	-0.000116	0.028189	0.229502	0.220853	0.521112
2021-07-29 06:14:10.000000 	-97.000000	58.609717	-152.394075	157.200020	-0.022842	-0.015128	0.008092	0.312660	0.249288	0.459017	-0.168530	-0.019048	0.002821	0.021102	0.228759	0.220137	0.519429
2021-07-29 06:14:11.000000 	-96.000000	58.609717	-152.394075	157.200020	-0.028383	-0.013779	0.029031	0.332420	0.265051	0.488037	-0.170338	-0.011800	-0.000942	0.041208	0.243220	0.234051	0.552268
2021-07-29 06:14:12.000000 	-95.000000	58.609717	-152.394075	157.200020	-0.023185	-0.015207	0.001421	0.294359	0.234711	0.432167	-0.160422	-0.022813	0.002732	0.015584	0.215375	0.207254	0.489044
2021-07-29 06:14:13.000000 	-94.000000	58.609717	-152.394075	157.200020	-0.037279	-0.021141	0.028887	0.329891	0.263052	0.484344	-0.165608	-0.021516	0.001459	0.046968	0.241376	0.232273	0.548088
2021-07-29 06:14:14.000000 	-93.000000	58.609717	-152.394075	157.200020	-0.020771	-0.009481	-0.002039	0.290809	0.231895	0.426971	-0.161017	-0.020524	-0.001224	0.010135	0.212782	0.204756	0.483165
2021-07-29 06:14:15.000000 	-92.000000	58.609717	-152.394075	157.200020	-0.040921	-0.020840	0.013304	0.350202	0.279265	0.514184	-0.182214	-0.032269	-0.000495	0.035275	0.256243	0.246576	0.581855
2021-07-29 06:14:16.000000 	-91.000000	58.609717	-152.394075	157.200020	-0.028076	-0.012320	0.024991	0.311051	0.248053	0.456710	-0.159883	-0.013095	-0.002093	0.037266	0.227599	0.219011	0.516817
2021-07-29 06:14:17.000000 	-90.000000	58.609717	-152.394075	157.200020	-0.014571	-0.017048	-0.002039	0.299539	0.238880	0.439816	-0.166947	-0.018828	0.008355	0.009100	0.219178	0.210907	0.497699
2021-07-29 06:14:18.000000 	-89.000000	58.609717	-152.394075	157.200020	-0.038450	-0.019514	0.018606	0.316281	0.252239	0.464407	-0.161552	-0.027114	-0.000525	0.038340	0.231431	0.222696	0.525527
2021-07-29 06:14:19.000000 	-88.000000	58.609717	-152.394075	157.200020	-0.030366	-0.014667	0.028798	0.319767	0.255028	0.469536	-0.162515	-0.013772	-0.001074	0.042139	0.233985	0.225152	0.531330
2021-07-29 06:14:20.000000 	-87.000000	58.609717	-152.394075	157.200020	-0.029251	-0.008826	0.005583	0.293301	0.233927	0.430681	-0.157147	-0.022710	-0.005733	0.020397	0.214621	0.206518	0.487362
2021-07-29 06:14:21.000000 	-86.000000	58.609717	-152.394075	157.200020	-0.034116	-0.018350	0.002173	0.344236	0.274560	0.505484	-0.185287	-0.031934	0.000452	0.022030	0.251896	0.242383	0.572009
2021-07-29 06:14:22.000000 	-85.000000	58.609717	-152.394075	157.200020	-0.016538	-0.002784	0.026738	0.289364	0.230802	0.424917	-0.150802	0.000315	-0.005196	0.031130	0.211746	0.203748	0.480839
2021-07-29 06:14:23.000000 	-84.000000	58.609717	-152.394075	157.200020	-0.034834	-0.028730	0.010936	0.302873	0.241585	0.444764	-0.156649	-0.032019	0.009318	0.032348	0.221634	0.213262	0.503297
2021-07-29 06:14:24.000000 	-83.000000	58.609717	-152.394075	157.200020	-0.039517	-0.009345	0.012159	0.341568	0.272458	0.501596	-0.179316	-0.027256	-0.010031	0.030875	0.249953	0.240509	0.567608
2021-07-29 06:14:25.000000 	-82.000000	58.609717	-152.394075	157.200020	-0.017490	-0.017101	-0.002106	0.340834	0.271882	0.500529	-0.189917	-0.021092	0.007050	0.010402	0.249420	0.239994	0.566401
2021-07-29 06:14:26.000000 	-81.000000	58.609717	-152.394075	157.200020	-0.041598	-0.020633	0.031078	0.253745	0.202417	0.372642	-0.119587	-0.023441	-0.000992	0.050709	0.185691	0.178672	0.421682
2021-07-29 06:14:27.000000 	-80.000000	58.609717	-152.394075	157.200020	-0.025133	-0.014057	0.012324	0.387764	0.309337	0.569470	-0.209581	-0.018154	0.000810	0.025514	0.283770	0.273042	0.644414
2021-07-29 06:14:28.000000 	-79.000000	58.609717	-152.394075	157.200020	-0.027237	-0.013575	0.013163	0.237751	0.189671	0.349167	-0.122388	-0.019118	-0.000592	0.027085	0.173991	0.167412	0.395118
2021-07-29 06:14:29.000000 	-78.000000	58.609717	-152.394075	157.200020	-0.023646	-0.006773	0.006089	0.353677	0.282162	0.519430	-0.193549	-0.017395	-0.004955	0.017747	0.258831	0.249043	0.587788
2021-07-29 06:14:30.000000 	-77.000000	58.609717	-152.394075	157.200020	-0.029731	-0.016948	0.004897	0.366213	0.292173	0.537852	-0.198402	-0.026643	0.001242	0.021994	0.268009	0.257872	0.608633
2021-07-29 06:14:31.000000 	-76.000000	58.609717	-152.394075	157.200020	-0.036987	-0.011097	0.026563	0.266027	0.212249	0.390718	-0.130867	-0.018533	-0.007306	0.042425	0.194692	0.187327	0.442136
2021-07-29 06:14:32.000000 	-75.000000	58.609717	-152.394075	157.200020	-0.021985	-0.013417	0.004543	0.346994	0.276857	0.509645	-0.190097	-0.019572	0.001702	0.017264	0.253951	0.244342	0.576714
2021-07-29 06:14:33.000000 	-74.000000	58.609717	-152.394075	157.200020	-0.033176	-0.011631	0.023832	0.374639	0.298924	0.550258	-0.195554	-0.017284	-0.005067	0.038464	0.274186	0.263810	0.622672
2021-07-29 06:14:34.000000 	-73.000000	58.609717	-152.394075	157.200020	-0.023449	-0.017497	0.014855	0.324339	0.258798	0.476389	-0.172247	-0.016922	0.004639	0.027727	0.237377	0.228392	0.539081
2021-07-29 06:14:35.000000 	-72.000000	58.609717	-152.394075	157.200020	-0.035978	-0.015827	0.006910	0.260392	0.207780	0.382471	-0.134857	-0.029877	-0.002647	0.026325	0.190578	0.183363	0.432804
2021-07-29 06:14:36.000000 	-71.000000	58.609717	-152.394075	157.200020	-0.027446	-0.014847	0.024697	0.355898	0.283998	0.522764	-0.185738	-0.013771	0.000439	0.037334	0.260481	0.250618	0.591558
2021-07-29 06:14:37.000000 	-70.000000	58.609717	-152.394075	157.200020	-0.028019	-0.010088	0.014813	0.313811	0.250422	0.460952	-0.165703	-0.017470	-0.004044	0.028013	0.229680	0.220982	0.521612
2021-07-29 06:14:38.000000 	-69.000000	58.609717	-152.394075	157.200020	-0.028437	-0.023222	0.010856	0.353130	0.281808	0.518718	-0.188272	-0.025043	0.007401	0.027998	0.258462	0.248672	0.586979
2021-07-29 06:14:39.000000 	-68.000000	58.609717	-152.394075	157.200020	-0.037446	-0.010122	0.013701	0.288388	0.230149	0.423626	-0.148648	-0.025194	-0.008382	0.031422	0.211079	0.203083	0.479373
2021-07-29 06:14:40.000000 	-67.000000	58.609717	-152.394075	157.200020	-0.012332	-0.011201	-0.014731	0.360957	0.288073	0.530235	-0.208384	-0.021432	0.004212	-0.004179	0.264198	0.254187	0.600011
2021-07-29 06:14:41.000000 	-66.000000	58.609717	-152.394075	157.200020	-0.044634	-0.016267	0.024101	0.281778	0.224889	0.413932	-0.138022	-0.027646	-0.006268	0.045102	0.206247	0.198431	0.468403
2021-07-29 06:14:42.000000 	-65.000000	58.609717	-152.394075	157.200020	-0.031685	-0.020071	0.019856	0.307974	0.245804	0.452422	-0.158267	-0.021565	0.003104	0.036420	0.225424	0.216879	0.511958
2021-07-29 06:14:43.000000 	-64.000000	58.609717	-152.394075	157.200020	-0.026001	-0.008334	0.020703	0.354297	0.282785	0.520483	-0.187453	-0.012182	-0.004664	0.031686	0.259334	0.249503	0.588974
2021-07-29 06:14:44.000000 	-63.000000	58.609717	-152.394075	157.200020	-0.023280	-0.018377	0.001096	0.300788	0.240084	0.441883	-0.163895	-0.024309	0.005497	0.016116	0.220170	0.211822	0.500032
2021-07-29 06:14:45.000000 	-62.000000	58.609717	-152.394075	157.200020	-0.030530	-0.014247	0.021736	0.355129	0.283468	0.521725	-0.185664	-0.017409	-0.001522	0.036085	0.259950	0.250092	0.590379
2021-07-29 06:14:46.000000 	-61.000000	58.609717	-152.394075	157.200020	-0.028940	-0.008674	0.021653	0.262567	0.209590	0.385747	-0.133443	-0.014044	-0.005724	0.033935	0.192198	0.184908	0.436508
2021-07-29 06:14:47.000000 	-60.000000	58.609717	-152.394075	157.200020	-0.031693	-0.012371	0.005579	0.329079	0.262691	0.483472	-0.176708	-0.025963	-0.003723	0.022377	0.240888	0.231749	0.547092
2021-07-29 06:14:48.000000 	-59.000000	58.609717	-152.394075	157.200020	-0.027176	-0.018697	0.010243	0.355974	0.284170	0.522996	-0.191056	-0.022618	0.003976	0.025800	0.260579	0.250692	0.591817
2021-07-29 06:14:49.000000 	-58.000000	58.609717	-152.394075	157.200020	-0.034043	-0.016419	0.032308	0.275588	0.220005	0.404900	-0.134498	-0.015419	-0.001226	0.047256	0.201738	0.194082	0.458180
2021-07-29 06:14:50.000000 	-57.000000	58.609717	-152.394075	157.200020	-0.023856	-0.012239	0.004616	0.317848	0.253751	0.466999	-0.172931	-0.020483	-0.000209	0.017906	0.232677	0.223845	0.528450
2021-07-29 06:14:51.000000 	-56.000000	58.609717	-152.394075	157.200020	-0.041141	-0.021071	0.022477	0.311525	0.248711	0.457717	-0.156399	-0.027749	-0.000392	0.043262	0.228051	0.219393	0.517947
2021-07-29 06:14:52.000000 	-55.000000	58.609717	-152.394075	157.200020	-0.024289	-0.004017	0.017557	0.306635	0.244815	0.450541	-0.162183	-0.010818	-0.007695	0.027168	0.224474	0.215951	0.509826
2021-07-29 06:14:53.000000 	-54.000000	58.609717	-152.394075	157.200020	-0.022998	-0.017315	-0.006032	0.326974	0.261062	0.480435	-0.181865	-0.027388	0.004687	0.009645	0.239367	0.230277	0.543653
2021-07-29 06:14:54.000000 	-53.000000	58.609717	-152.394075	157.200020	-0.029163	-0.017747	0.011295	0.338627	0.270375	0.497567	-0.180218	-0.023197	0.002213	0.027386	0.247902	0.238486	0.563039
2021-07-29 06:14:55.000000 	-52.000000	58.609717	-152.394075	157.200020	-0.041396	-0.016602	0.022232	0.304888	0.243444	0.448000	-0.153084	-0.026302	-0.004470	0.042093	0.223205	0.214725	0.506949
2021-07-29 06:14:56.000000 	-51.000000	58.609717	-152.394075	157.200020	-0.014143	-0.010368	-0.002559	0.330988	0.264293	0.486360	-0.186176	-0.016132	0.002634	0.006846	0.242316	0.233109	0.550358
2021-07-29 06:14:57.000000 	-50.000000	58.609717	-152.394075	157.200020	-0.040847	-0.016181	0.031713	0.289873	0.231470	0.425953	-0.140988	-0.020782	-0.004589	0.049831	0.212219	0.204154	0.482001
2021-07-29 06:14:58.000000 	-49.000000	58.609717	-152.394075	157.200020	-0.039579	-0.024328	0.028096	0.317354	0.253423	0.466343	-0.157716	-0.024929	0.003218	0.048125	0.232341	0.223510	0.527706
2021-07-29 06:14:59.000000 	-48.000000	58.609717	-152.394075	157.200020	-0.027266	-0.013148	0.010597	0.328445	0.262289	0.482651	-0.175686	-0.020307	-0.000983	0.024805	0.240465	0.231323	0.546159
2021-07-29 06:15:00.000000 	-47.000000	58.609717	-152.394075	157.200020	-0.024121	-0.009518	0.000794	0.382703	0.305628	0.562395	-0.211916	-0.021598	-0.002742	0.014108	0.280193	0.269539	0.636395
2021-07-29 06:15:01.000000 	-46.000000	58.609717	-152.394075	157.200020	-0.029641	-0.019249	0.019130	0.244289	0.195096	0.358997	-0.122551	-0.020072	0.003322	0.034657	0.178857	0.172055	0.406234
2021-07-29 06:15:02.000000 	-45.000000	58.609717	-152.394075	157.200020	-0.043766	-0.007138	0.023446	0.272586	0.217703	0.400589	-0.134145	-0.023719	-0.013955	0.041938	0.199578	0.191986	0.453299
2021-07-29 06:15:03.000000 	-44.000000	58.609717	-152.394075	157.200020	-0.021663	-0.007943	-0.004713	0.341090	0.272423	0.501271	-0.190936	-0.021984	-0.003000	0.007893	0.249738	0.240236	0.567228
2021-07-29 06:15:04.000000 	-43.000000	58.609717	-152.394075	157.200020	-0.029946	-0.025708	0.018761	0.334185	0.266917	0.491133	-0.173654	-0.023050	0.008905	0.036042	0.244686	0.235375	0.555755
2021-07-29 06:15:05.000000 	-42.000000	58.609717	-152.394075	157.200020	-0.026601	-0.009146	0.021108	0.306655	0.244936	0.450682	-0.159695	-0.012746	-0.004222	0.032504	0.224532	0.215987	0.509981
2021-07-29 06:15:06.000000 	-41.000000	58.609717	-152.394075	157.200020	-0.029026	-0.023187	0.013108	0.311649	0.248933	0.458030	-0.163406	-0.024301	0.007097	0.030183	0.228192	0.219506	0.518296
2021-07-29 06:15:07.000000 	-40.000000	58.609717	-152.394075	157.200020	-0.026655	-0.013855	0.009801	0.322972	0.257986	0.474680	-0.172957	-0.020539	-0.000074	0.024014	0.236486	0.227483	0.537136
2021-07-29 06:15:08.000000 	-39.000000	58.609717	-152.394075	157.200020	-0.045139	-0.017587	0.032408	0.335855	0.268286	0.493623	-0.165838	-0.024222	-0.005332	0.052744	0.245923	0.236558	0.558572
2021-07-29 06:15:09.000000 	-38.000000	58.609717	-152.394075	157.200020	-0.028270	-0.017403	0.011706	0.304428	0.243189	0.447441	-0.160693	-0.022172	0.002321	0.027242	0.222914	0.214424	0.506313
2021-07-29 06:15:10.000000 	-37.000000	58.609717	-152.394075	157.200020	-0.028270	-0.009517	0.017913	0.362294	0.289425	0.532502	-0.192443	-0.015819	-0.004666	0.030637	0.265290	0.255184	0.602564
2021-07-29 06:15:11.000000 	-36.000000	58.609717	-152.394075	157.200020	-0.030970	-0.022155	0.020476	0.324435	0.259189	0.476865	-0.167531	-0.021526	0.005282	0.037121	0.237571	0.228520	0.539607
2021-07-29 06:15:12.000000 	-35.000000	58.609717	-152.394075	157.200020	-0.031527	-0.012740	0.004382	0.294181	0.235027	0.432405	-0.157096	-0.026606	-0.003319	0.021367	0.215421	0.207212	0.489297
2021-07-29 06:15:13.000000 	-34.000000	58.609717	-152.394075	157.200020	-0.044482	-0.015248	0.029977	0.329387	0.263163	0.484162	-0.163493	-0.024066	-0.007100	0.049801	0.241204	0.232011	0.547863
2021-07-29 06:15:14.000000 	-33.000000	58.609717	-152.394075	157.200020	-0.026109	-0.013518	0.002643	0.313567	0.250532	0.460917	-0.170464	-0.023721	-0.000120	0.017570	0.229623	0.220870	0.521559
2021-07-29 06:15:15.000000 	-32.000000	58.609717	-152.394075	157.200020	-0.021660	-0.013422	0.015562	0.352031	0.281273	0.517465	-0.188923	-0.013589	0.001857	0.026522	0.257794	0.247965	0.585547
2021-07-29 06:15:16.000000 	-31.000000	58.609717	-152.394075	157.200020	-0.036670	-0.020659	0.012963	0.276378	0.220833	0.406266	-0.141141	-0.029159	0.001314	0.032978	0.202396	0.194678	0.459718
2021-07-29 06:15:17.000000 	-30.000000	58.609717	-152.394075	157.200020	-0.031187	-0.009128	0.020304	0.387556	0.309678	0.569706	-0.205267	-0.016627	-0.006363	0.033930	0.283818	0.272993	0.644660
2021-07-29 06:15:18.000000 	-29.000000	58.609717	-152.394075	157.200020	-0.022875	-0.012625	0.009862	0.314349	0.251190	0.462101	-0.169210	-0.017162	0.000587	0.022024	0.230210	0.221429	0.522898
2021-07-29 06:15:19.000000 	-28.000000	58.609717	-152.394075	157.200020	-0.040040	-0.024129	0.019788	0.312016	0.249334	0.458679	-0.157731	-0.029527	0.002828	0.041197	0.228505	0.219787	0.519025
2021-07-29 06:15:20.000000 	-27.000000	58.609717	-152.394075	157.200020	-0.023810	-0.006969	0.006654	0.280188	0.223908	0.411898	-0.151092	-0.017302	-0.004857	0.018353	0.205199	0.197368	0.466089
2021-07-29 06:15:21.000000 	-26.000000	58.609717	-152.394075	157.200020	-0.034832	-0.022652	0.024618	0.373680	0.298630	0.549349	-0.193161	-0.022486	0.003933	0.042560	0.273673	0.263228	0.621623
2021-07-29 06:15:22.000000 	-25.000000	58.609717	-152.394075	157.200020	-0.025838	-0.011850	0.015093	0.296177	0.236701	0.435419	-0.155983	-0.016371	-0.001473	0.027670	0.216915	0.208635	0.492703
2021-07-29 06:15:23.000000 	-24.000000	58.609717	-152.394075	157.200020	-0.038456	-0.007835	0.018381	0.258716	0.206770	0.380354	-0.129712	-0.022615	-0.010877	0.035332	0.189483	0.182248	0.430394
2021-07-29 06:15:24.000000 	-23.000000	58.609717	-152.394075	157.200020	-0.032973	-0.023405	0.016871	0.397855	0.317982	0.584920	-0.210519	-0.025413	0.005461	0.035271	0.291392	0.280264	0.661872
2021-07-29 06:15:25.000000 	-22.000000	58.609717	-152.394075	157.200020	-0.027440	-0.017349	0.005888	0.312821	0.250028	0.459913	-0.168014	-0.024552	0.002658	0.021879	0.229116	0.220365	0.520419
2021-07-29 06:15:26.000000 	-21.000000	58.609717	-152.394075	157.200020	-0.027971	-0.013874	0.026200	0.328154	0.262292	0.482464	-0.169250	-0.013001	-0.000667	0.038625	0.240350	0.231168	0.545936
2021-07-29 06:15:27.000000 	-20.000000	58.609717	-152.394075	157.200020	-0.032784	-0.015381	0.010466	0.302076	0.241456	0.444131	-0.158732	-0.025432	-0.001561	0.027779	0.221253	0.212799	0.502560
2021-07-29 06:15:28.000000 	-19.000000	58.609717	-152.394075	157.200020	-0.034624	-0.006220	0.019882	0.333136	0.266292	0.489807	-0.173403	-0.018296	-0.010532	0.034455	0.244007	0.234682	0.554245
2021-07-29 06:15:29.000000 	-18.000000	58.609717	-152.394075	157.200020	-0.016475	-0.012746	0.014488	0.293697	0.234775	0.431829	-0.157329	-0.009959	0.003660	0.023048	0.215123	0.206901	0.488638
2021-07-29 06:15:30.000000 	-17.000000	58.609717	-152.394075	157.200020	-0.037316	-0.016433	0.024907	0.345326	0.276055	0.507749	-0.176700	-0.021755	-0.002730	0.042451	0.252944	0.243274	0.574546
2021-07-29 06:15:31.000000 	-16.000000	58.609717	-152.394075	157.200020	-0.040953	-0.018941	0.017867	0.322915	0.258148	0.474805	-0.165103	-0.029165	-0.002193	0.038726	0.236531	0.227487	0.537267
2021-07-29 06:15:32.000000 	-15.000000	58.609717	-152.394075	157.200020	-0.019427	-0.014867	0.008639	0.314219	0.251205	0.462027	-0.170360	-0.016077	0.004172	0.019930	0.230166	0.221363	0.522808
2021-07-29 06:15:33.000000 	-14.000000	58.609717	-152.394075	157.200020	-0.032793	-0.014446	0.021402	0.357359	0.285703	0.525469	-0.186517	-0.019373	-0.002395	0.036892	0.261770	0.251757	0.594596
2021-07-29 06:15:34.000000 	-13.000000	58.609717	-152.394075	157.200020	-0.024742	-0.009215	0.003194	0.299460	0.239422	0.440342	-0.163031	-0.020698	-0.003299	0.016371	0.219362	0.210970	0.498270
2021-07-29 06:15:35.000000 	-12.000000	58.609717	-152.394075	157.200020	-0.033718	-0.014971	0.015625	0.307921	0.246195	0.452791	-0.159931	-0.023290	-0.002358	0.032514	0.225563	0.216932	0.512356
2021-07-29 06:15:36.000000 	-11.000000	58.609717	-152.394075	157.200020	-0.036796	-0.019370	0.024024	0.366122	0.292738	0.538384	-0.188876	-0.022984	0.000114	0.042167	0.268202	0.257937	0.609208
2021-07-29 06:15:37.000000 	-10.000000	58.609717	-152.394075	157.200020	-0.025049	-0.010098	0.016512	0.269290	0.215322	0.395999	-0.140393	-0.014342	-0.002659	0.028094	0.197271	0.189720	0.448092
2021-07-29 06:15:38.000000 	-9.000000	58.609717	-152.394075	157.200020	-0.033218	-0.016653	0.007053	0.374386	0.299367	0.550556	-0.201462	-0.028042	-0.000636	0.025373	0.274265	0.263765	0.622981
2021-07-29 06:15:39.000000 	-8.000000	58.609717	-152.394075	157.200020	-0.031163	-0.008230	0.017049	0.250821	0.200569	0.368854	-0.127917	-0.017949	-0.007147	0.030924	0.183748	0.176712	0.417375
2021-07-29 06:15:40.000000 	-7.000000	58.609717	-152.394075	157.200020	-0.044502	-0.019721	0.023957	0.398614	0.318761	0.586205	-0.205336	-0.028986	-0.003146	0.045751	0.292023	0.280839	0.663318
2021-07-29 06:15:41.000000 	-6.000000	58.609717	-152.394075	157.200020	-0.029188	-0.017286	0.018823	0.301530	0.241134	0.443441	-0.156113	-0.019113	0.001793	0.033712	0.220904	0.212442	0.501774
2021-07-29 06:15:42.000000 	-5.000000	58.609717	-152.394075	157.200020	-0.021151	-0.010135	0.005252	0.316636	0.253223	0.465665	-0.173097	-0.017273	-0.000820	0.016692	0.231974	0.223087	0.526920
2021-07-29 06:15:43.000000 	-4.000000	58.609717	-152.394075	157.200020	-0.035462	-0.011324	0.010861	0.337289	0.269749	0.496047	-0.178544	-0.025647	-0.006398	0.028373	0.247109	0.237640	0.561299
2021-07-29 06:15:44.000000 	-3.000000	58.609717	-152.394075	157.200020	-0.038749	-0.027271	0.032976	0.272266	0.217754	0.400425	-0.129752	-0.022924	0.006211	0.052617	0.199474	0.191829	0.453097
2021-07-29 06:15:45.000000 	-2.000000	58.609717	-152.394075	157.200020	-0.018312	0.001399	-0.000452	0.352227	0.281715	0.518034	-0.197654	-0.013534	-0.009725	0.007729	0.258061	0.248169	0.586176
2021-07-29 06:15:46.000000 	-1.000000	58.609717	-152.394075	157.200020	-0.030736	-0.017840	0.034271	0.272087	0.217625	0.400176	-0.132605	-0.012457	0.001567	0.047748	0.199349	0.191706	0.452814
2021-07-29 06:15:47.000000 	0.000000	58.609717	-152.394075	157.200020	-0.038358	-0.017788	0.014372	0.349867	0.279847	0.514582	-0.182932	-0.028567	-0.002012	0.034266	0.256341	0.246511	0.582269
2021-07-29 06:15:48.000000 	1.000000	58.609717	-152.394075	157.200020	-0.039294	-0.019687	0.016904	0.350278	0.280185	0.515195	-0.181723	-0.028707	-0.000762	0.037319	0.256646	0.246803	0.582963
2021-07-29 06:15:49.000000 	2.000000	58.609717	-152.394075	157.200020	-0.013536	-0.002068	-0.004334	0.314483	0.251562	0.462556	-0.178483	-0.013315	-0.004440	0.003048	0.230424	0.221584	0.523399
2021-07-29 06:15:50.000000 	3.000000	58.609717	-152.394075	157.200020	-0.043873	-0.030765	0.041815	0.301170	0.240920	0.442981	-0.141086	-0.023578	0.006932	0.063371	0.220672	0.212206	0.501249
2021-07-29 06:15:51.000000 	4.000000	58.609717	-152.394075	157.200020	-0.016922	-0.001195	-0.010775	0.346236	0.276980	0.509277	-0.198310	-0.018886	-0.006783	-0.001099	0.253698	0.243962	0.576264
2021-07-29 06:15:52.000000 	5.000000	58.609717	-152.394075	157.200020	-0.035713	-0.015140	0.035806	0.281221	0.224978	0.413654	-0.136134	-0.014355	-0.003133	0.050703	0.206063	0.198154	0.468064
2021-07-29 06:15:53.000000 	6.000000	58.609717	-152.394075	157.200020	-0.038180	-0.022903	0.011141	0.340234	0.272197	0.500466	-0.178073	-0.032138	0.002604	0.032661	0.249308	0.239737	0.566293
2021-07-29 06:15:54.000000 	7.000000	58.609717	-152.394075	157.200020	-0.026919	-0.016015	0.013433	0.354823	0.283879	0.521935	-0.189701	-0.019702	0.001718	0.027757	0.260003	0.250020	0.590586
2021-07-29 06:15:55.000000 	8.000000	58.609717	-152.394075	157.200020	-0.030132	-0.010508	0.022396	0.320243	0.256222	0.471077	-0.165978	-0.015285	-0.004652	0.035563	0.234668	0.225656	0.533038
2021-07-29 06:15:56.000000 	9.000000	58.609717	-152.394075	157.200020	-0.035270	-0.017636	0.010588	0.294272	0.235451	0.432881	-0.153237	-0.028142	-0.000716	0.029575	0.215640	0.207357	0.489817
2021-07-29 06:15:57.000000 	10.000000	58.609717	-152.394075	157.200020	-0.027728	-0.014044	0.016239	0.347893	0.278363	0.511767	-0.184620	-0.018072	-0.000403	0.030050	0.254938	0.245144	0.579079
2021-07-29 06:15:58.000000 	11.000000	58.609717	-152.394075	157.200020	-0.042150	-0.018027	0.022829	0.348630	0.278962	0.512861	-0.177868	-0.027124	-0.003557	0.043294	0.255482	0.245666	0.580316
2021-07-29 06:15:59.000000 	12.000000	58.609717	-152.394075	157.200020	-0.025503	-0.012715	0.024171	0.305820	0.244716	0.449892	-0.158083	-0.011732	-0.000550	0.035474	0.224114	0.215501	0.509064
2021-07-29 06:16:00.000000 	13.000000	58.609717	-152.394075	157.200020	-0.019568	-0.007260	-0.002802	0.328744	0.263069	0.483624	-0.183916	-0.019134	-0.002635	0.008393	0.240918	0.231658	0.547233
2021-07-29 06:16:01.000000 	14.000000	58.609717	-152.394075	157.200020	-0.042499	-0.017201	0.016157	0.342119	0.273781	0.503309	-0.176628	-0.030537	-0.004451	0.037560	0.250724	0.241085	0.569506
2021-07-29 06:16:02.000000 	15.000000	58.609717	-152.394075	157.200020	-0.042200	-0.028559	0.035347	0.254272	0.203488	0.374079	-0.117238	-0.024809	0.005753	0.056544	0.186348	0.179182	0.423278
2021-07-29 06:16:03.000000 	16.000000	58.609717	-152.394075	157.200020	-0.016364	-0.012009	0.007283	0.371725	0.297494	0.546883	-0.205189	-0.013336	0.003058	0.016669	0.272431	0.261953	0.618809
2021-07-29 06:16:04.000000 	17.000000	58.609717	-152.394075	157.200020	-0.040088	-0.007647	0.013597	0.300200	0.240260	0.441662	-0.155083	-0.026268	-0.011800	0.031956	0.220015	0.211552	0.499750
2021-07-29 06:16:05.000000 	18.000000	58.609717	-152.394075	157.200020	-0.025882	-0.016858	0.016571	0.326453	0.261280	0.480295	-0.172388	-0.017616	0.002946	0.030161	0.239260	0.230055	0.543462
2021-07-29 06:16:06.000000 	19.000000	58.609717	-152.394075	157.200020	-0.025432	-0.013688	0.008202	0.369082	0.295410	0.543023	-0.200622	-0.020381	0.000345	0.022044	0.270508	0.260099	0.614440
2021-07-29 06:16:07.000000 	20.000000	58.609717	-152.394075	157.200020	-0.029643	-0.012651	0.009730	0.273178	0.218657	0.401928	-0.143666	-0.022360	-0.002525	0.025042	0.200222	0.192516	0.454789
2021-07-29 06:16:08.000000 	21.000000	58.609717	-152.394075	157.200020	-0.025076	-0.016345	0.020604	0.276949	0.221682	0.407483	-0.142602	-0.014703	0.002864	0.033108	0.202989	0.195175	0.461073
2021-07-29 06:16:09.000000 	22.000000	58.609717	-152.394075	157.200020	-0.038835	-0.018211	0.022748	0.358793	0.287204	0.527912	-0.184762	-0.024732	-0.001858	0.041739	0.262981	0.252856	0.597340
2021-07-29 06:16:10.000000 	23.000000	58.609717	-152.394075	157.200020	-0.029307	-0.015322	0.012680	0.293184	0.234694	0.431385	-0.153905	-0.021626	-0.000002	0.028049	0.214896	0.206621	0.488118
2021-07-29 06:16:11.000000 	24.000000	58.609717	-152.394075	157.200020	-0.041650	-0.013838	0.022704	0.351629	0.281489	0.517388	-0.180265	-0.025154	-0.007037	0.041946	0.257739	0.247812	0.585430
2021-07-29 06:16:12.000000 	25.000000	58.609717	-152.394075	157.200020	-0.036317	-0.018544	0.021342	0.255572	0.204600	0.376057	-0.126423	-0.023691	-0.000396	0.039457	0.187335	0.180118	0.425512
2021-07-29 06:16:13.000000 	26.000000	58.609717	-152.394075	157.200020	-0.019480	-0.014319	0.006783	0.420538	0.336677	0.618803	-0.232388	-0.016867	0.003662	0.018237	0.308260	0.296383	0.700182
2021-07-29 06:16:14.000000 	27.000000	58.609717	-152.394075	157.200020	-0.038878	-0.014097	0.033016	0.305841	0.244860	0.450039	-0.150665	-0.017789	-0.005524	0.049531	0.224190	0.215550	0.509223
2021-07-29 06:16:15.000000 	28.000000	58.609717	-152.394075	157.200020	-0.024117	-0.018873	-0.005820	0.317668	0.254338	0.467449	-0.176093	-0.028740	0.005549	0.010718	0.232863	0.223887	0.528922
2021-07-29 06:16:16.000000 	29.000000	58.609717	-152.394075	157.200020	-0.040145	-0.013720	0.030494	0.337149	0.269945	0.496125	-0.169382	-0.019912	-0.006445	0.047872	0.247148	0.237620	0.561368
2021-07-29 06:16:17.000000 	30.000000	58.609717	-152.394075	157.200020	-0.030414	-0.016684	0.006986	0.229659	0.183887	0.337956	-0.118868	-0.025968	0.000691	0.024028	0.168355	0.161864	0.382399
2021-07-29 06:16:18.000000 	31.000000	58.609717	-152.394075	157.200020	-0.035945	-0.010269	0.027125	0.398984	0.319477	0.587137	-0.207896	-0.017124	-0.007557	0.042224	0.292487	0.281207	0.664348
2021-07-29 06:16:19.000000 	32.000000	58.609717	-152.394075	157.200020	-0.025672	-0.018360	0.012339	0.325681	0.260790	0.479273	-0.173498	-0.020255	0.004374	0.026814	0.238754	0.229545	0.542298
2021-07-29 06:16:20.000000 	33.000000	58.609717	-152.394075	157.200020	-0.042572	-0.020827	0.037271	0.334549	0.267900	0.492331	-0.163795	-0.021029	-0.001271	0.056492	0.245260	0.235797	0.557073
2021-07-29 06:16:21.000000 	34.000000	58.609717	-152.394075	157.200020	-0.010999	-0.010552	-0.005340	0.317798	0.254495	0.467688	-0.180695	-0.015276	0.004254	0.003065	0.232984	0.223994	0.529189
2021-07-29 06:16:22.000000 	35.000000	58.609717	-152.394075	157.200020	-0.041387	-0.012960	0.017365	0.308127	0.246760	0.453464	-0.157372	-0.027389	-0.007694	0.037054	0.225898	0.217180	0.513094
2021-07-29 06:16:23.000000 	36.000000	58.609717	-152.394075	157.200020	-0.024858	-0.015168	0.017178	0.291723	0.233631	0.429330	-0.152673	-0.015857	0.001922	0.029798	0.213876	0.205620	0.485785
2021-07-29 06:16:24.000000 	37.000000	58.609717	-152.394075	157.200020	-0.043368	-0.017774	0.033923	0.319870	0.256181	0.470761	-0.156722	-0.022168	-0.004346	0.053265	0.234516	0.225461	0.532664
2021-07-29 06:16:25.000000 	38.000000	58.609717	-152.394075	157.200020	-0.027171	-0.017690	-0.002938	0.315944	0.253046	0.464991	-0.173295	-0.029082	0.003085	0.014303	0.231642	0.222697	0.526134
2021-07-29 06:16:26.000000 	39.000000	58.609717	-152.394075	157.200020	-0.029374	-0.012234	0.027398	0.342501	0.274326	0.504085	-0.176967	-0.012789	-0.002771	0.039899	0.251118	0.241419	0.570369
2021-07-29 06:16:27.000000 	40.000000	58.609717	-152.394075	157.200020	-0.036681	-0.014840	0.031674	0.339281	0.271757	0.499354	-0.171086	-0.017120	-0.003847	0.047551	0.248761	0.239152	0.565015
2021-07-29 06:16:28.000000 	41.000000	58.609717	-152.394075	157.200020	-0.025110	-0.011635	0.017040	0.315752	0.252920	0.464732	-0.166884	-0.014721	-0.001326	0.028944	0.231514	0.222569	0.525840
2021-07-29 06:16:29.000000 	42.000000	58.609717	-152.394075	157.200020	-0.033450	-0.018128	0.008104	0.293642	0.235217	0.432197	-0.154380	-0.028253	0.000564	0.026732	0.215307	0.206986	0.489026
2021-07-29 06:16:30.000000 	43.000000	58.609717	-152.394075	157.200020	-0.026807	-0.002217	0.007077	0.347390	0.278281	0.511315	-0.189353	-0.017469	-0.010458	0.018949	0.254721	0.244876	0.578547
2021-07-29 06:16:31.000000 	44.000000	58.609717	-152.394075	157.200020	-0.036208	-0.018899	0.021760	0.267129	0.213995	0.393187	-0.132982	-0.023532	-0.000031	0.039849	0.195874	0.188302	0.444886
2021-07-29 06:16:32.000000 	45.000000	58.609717	-152.394075	157.200020	-0.031758	-0.013700	0.023374	0.351462	0.281563	0.517325	-0.182895	-0.017268	-0.002576	0.037918	0.257717	0.247752	0.585346
2021-07-29 06:16:33.000000 	46.000000	58.609717	-152.394075	157.200020	-0.026425	-0.005317	0.012829	0.371029	0.297249	0.546135	-0.200591	-0.015410	-0.007534	0.024432	0.272070	0.261548	0.617943
2021-07-29 06:16:34.000000 	47.000000	58.609717	-152.394075	157.200020	-0.046220	-0.021756	0.031294	0.276164	0.221256	0.406505	-0.131158	-0.027269	-0.002139	0.053299	0.202510	0.194677	0.459953
2021-07-29 06:16:35.000000 	48.000000	58.609717	-152.394075	157.200020	-0.022726	-0.015393	0.005265	0.305704	0.244931	0.449995	-0.165909	-0.020538	0.003110	0.018699	0.224176	0.215503	0.509161
2021-07-29 06:16:36.000000 	49.000000	58.609717	-152.394075	157.200020	-0.036160	-0.008730	0.018436	0.314168	0.251722	0.462462	-0.162505	-0.021204	-0.009020	0.034535	0.230388	0.221473	0.523266
2021-07-29 06:16:37.000000 	50.000000	58.609717	-152.394075	157.200020	-0.016511	-0.011967	-0.007668	0.394732	0.316284	0.581064	-0.224220	-0.021217	0.002954	0.003964	0.289473	0.278270	0.657461
2021-07-29 06:16:38.000000 	51.000000	58.609717	-152.394075	157.200020	-0.041582	-0.019376	0.038773	0.257149	0.206051	0.378542	-0.118956	-0.018924	-0.002099	0.056967	0.188582	0.181282	0.428311
2021-07-29 06:16:39.000000 	52.000000	58.609717	-152.394075	157.200020	-0.027172	-0.009040	0.022401	0.368293	0.295120	0.542161	-0.194748	-0.012462	-0.004580	0.033846	0.270094	0.259637	0.613442
2021-07-29 06:16:40.000000 	53.000000	58.609717	-152.394075	157.200020	-0.033388	-0.017689	0.023779	0.276051	0.221213	0.406379	-0.138370	-0.019868	0.000203	0.039979	0.202451	0.194611	0.459808
2021-07-29 06:16:41.000000 	54.000000	58.609717	-152.394075	157.200020	-0.044696	-0.023974	0.030671	0.281429	0.225530	0.414303	-0.134682	-0.027319	0.000533	0.052598	0.206399	0.198405	0.468773
2021-07-29 06:16:42.000000 	55.000000	58.609717	-152.394075	157.200020	-0.022423	-0.008806	-0.001675	0.364812	0.292362	0.537064	-0.203399	-0.021318	-0.002587	0.011046	0.267557	0.257193	0.607672
2021-07-29 06:16:43.000000 	56.000000	58.609717	-152.394075	157.200020	-0.033488	-0.009604	0.029050	0.303650	0.243355	0.447029	-0.153053	-0.014001	-0.007007	0.042573	0.222704	0.214076	0.505801
2021-07-29 06:16:44.000000 	57.000000	58.609717	-152.394075	157.200020	-0.041592	-0.024019	0.019404	0.301060	0.241288	0.443224	-0.151284	-0.030857	0.002012	0.041558	0.220809	0.212252	0.501494
2021-07-29 06:16:45.000000 	58.000000	58.609717	-152.394075	157.200020	-0.030032	-0.002575	0.021619	0.323096	0.258958	0.475674	-0.168809	-0.012476	-0.011634	0.032938	0.236976	0.227791	0.538210
2021-07-29 06:16:46.000000 	59.000000	58.609717	-152.394075	157.200020	-0.031722	-0.023033	0.024883	0.350430	0.280876	0.515925	-0.180747	-0.020147	0.005711	0.041442	0.257030	0.247065	0.583751
2021-07-29 06:16:47.000000 	60.000000	58.609717	-152.394075	157.200020	-0.030542	-0.013446	0.005247	0.312433	0.250430	0.459991	-0.167750	-0.025690	-0.002238	0.021821	0.229165	0.220279	0.520463
2021-07-29 06:16:48.000000 	61.000000	58.609717	-152.394075	157.200020	-0.037773	-0.013082	0.033167	0.285385	0.228758	0.420175	-0.139312	-0.016473	-0.005911	0.048905	0.209329	0.201211	0.475412
2021-07-29 06:16:49.000000 	62.000000	58.609717	-152.394075	157.200020	-0.034035	-0.015481	0.006907	0.339880	0.272449	0.500416	-0.181707	-0.028272	-0.002052	0.025342	0.249306	0.239636	0.566202
2021-07-29 06:16:50.000000 	63.000000	58.609717	-152.394075	157.200020	-0.012109	-0.012374	0.010543	0.319355	0.256005	0.470204	-0.175044	-0.008563	0.005354	0.017576	0.234255	0.225167	0.532017
2021-07-29 06:16:51.000000 	64.000000	58.609717	-152.394075	157.200020	-0.039184	-0.014429	0.024127	0.317167	0.254261	0.466990	-0.160626	-0.022781	-0.005370	0.042165	0.232655	0.223627	0.528380
2021-07-29 06:16:52.000000 	65.000000	58.609717	-152.394075	157.200020	-0.032770	-0.010927	0.022029	0.270521	0.216874	0.398315	-0.136780	-0.017637	-0.005502	0.036568	0.198442	0.190740	0.450677
2021-07-29 06:16:53.000000 	66.000000	58.609717	-152.394075	157.200020	-0.031808	-0.010482	0.004843	0.351762	0.282015	0.517944	-0.190540	-0.025685	-0.005451	0.021346	0.258042	0.248026	0.586031
2021-07-29 06:16:54.000000 	67.000000	58.609717	-152.394075	157.200020	-0.023525	-0.016180	0.019710	0.309056	0.247785	0.455069	-0.162021	-0.013930	0.003437	0.031589	0.226719	0.217916	0.514891
2021-07-29 06:16:55.000000 	68.000000	58.609717	-152.394075	157.200020	-0.031022	-0.023509	0.029115	0.355905	0.285356	0.524060	-0.182425	-0.017601	0.006457	0.044846	0.261092	0.250953	0.592950
2021-07-29 06:16:56.000000 	69.000000	58.609717	-152.394075	157.200020	-0.050684	-0.018935	0.031876	0.288117	0.231014	0.424252	-0.136822	-0.029227	-0.006707	0.055175	0.211367	0.203157	0.480020
2021-07-29 06:16:57.000000 	70.000000	58.609717	-152.394075	157.200020	-0.025534	-0.005079	-0.005520	0.340826	0.273286	0.501873	-0.190529	-0.024200	-0.007331	0.008300	0.250040	0.240326	0.567844
2021-07-29 06:16:58.000000 	71.000000	58.609717	-152.394075	157.200020	-0.028454	-0.012949	0.037208	0.309656	0.248302	0.455981	-0.154425	-0.007266	-0.001710	0.048021	0.227177	0.218350	0.515920
2021-07-29 06:16:59.000000 	72.000000	58.609717	-152.394075	157.200020	-0.033013	-0.018328	0.016813	0.318227	0.255184	0.468610	-0.165483	-0.023465	0.000944	0.034014	0.233470	0.224397	0.530208
2021-07-29 06:17:00.000000 	73.000000	58.609717	-152.394075	157.200020	-0.030636	-0.014326	-0.004812	0.287992	0.230947	0.424095	-0.157258	-0.031347	-0.001501	0.013491	0.211292	0.203080	0.479840
2021-07-29 06:17:01.000000 	74.000000	58.609717	-152.394075	157.200020	-0.026122	-0.019792	0.041132	0.348872	0.279778	0.513754	-0.175376	-0.006165	0.005435	0.051946	0.255964	0.246013	0.581284
2021-07-29 06:17:02.000000 	75.000000	58.609717	-152.394075	157.200020	-0.028107	-0.006364	0.008975	0.310537	0.249045	0.457309	-0.166728	-0.019104	-0.007385	0.022170	0.227842	0.218983	0.517419
2021-07-29 06:17:03.000000 	76.000000	58.609717	-152.394075	157.200020	-0.046998	-0.023213	0.032447	0.315946	0.253391	0.465280	-0.153438	-0.027834	-0.001208	0.054994	0.231815	0.222800	0.526438
2021-07-29 06:17:04.000000 	77.000000	58.609717	-152.394075	157.200020	-0.025872	-0.002659	0.021878	0.306543	0.245859	0.451441	-0.160415	-0.009227	-0.009632	0.031259	0.224921	0.216172	0.510779
2021-07-29 06:17:05.000000 	78.000000	58.609717	-152.394075	157.200020	-0.037656	-0.025753	0.026876	0.338775	0.271720	0.498916	-0.171283	-0.024674	0.005372	0.046539	0.248576	0.238905	0.564493
2021-07-29 06:17:06.000000 	79.000000	58.609717	-152.394075	157.200020	-0.026309	-0.013920	0.016659	0.283954	0.227758	0.418187	-0.148229	-0.016731	0.000144	0.029725	0.208355	0.200247	0.473152
2021-07-29 06:17:07.000000 	80.000000	58.609717	-152.394075	157.200020	-0.033753	-0.014941	0.005593	0.350365	0.281036	0.516001	-0.188454	-0.028529	-0.002401	0.023960	0.257090	0.247084	0.583821
2021-07-29 06:17:08.000000 	81.000000	58.609717	-152.394075	157.200020	-0.030565	-0.011716	0.030765	0.315483	0.253066	0.464635	-0.159912	-0.011731	-0.003782	0.043198	0.231500	0.222488	0.525704
2021-07-29 06:17:09.000000 	82.000000	58.609717	-152.394075	157.200020	-0.026875	-0.011670	0.016285	0.307319	0.246526	0.452618	-0.161927	-0.016464	-0.002112	0.029123	0.225513	0.216733	0.512107
2021-07-29 06:17:10.000000 	83.000000	58.609717	-152.394075	157.200020	-0.029381	-0.013133	0.003726	0.362107	0.290487	0.533319	-0.197429	-0.025479	-0.001977	0.019912	0.265723	0.255375	0.603414
2021-07-29 06:17:11.000000 	84.000000	58.609717	-152.394075	157.200020	-0.030334	-0.007760	0.015092	0.285007	0.228645	0.419771	-0.148896	-0.018155	-0.007180	0.028758	0.209150	0.201003	0.474942
2021-07-29 06:17:12.000000 	85.000000	58.609717	-152.394075	157.200020	-0.042502	-0.031905	0.044284	0.263528	0.211421	0.388141	-0.118756	-0.021705	0.008578	0.065121	0.193391	0.185857	0.439154
2021-07-29 06:17:13.000000 	86.000000	58.609717	-152.394075	157.200020	-0.029983	-0.006571	0.020346	0.385156	0.309011	0.567293	-0.204819	-0.014682	-0.008070	0.032793	0.282655	0.271641	0.641850
2021-07-29 06:17:14.000000 	87.000000	58.609717	-152.394075	157.200020	-0.025186	-0.016507	0.006967	0.354722	0.284604	0.522474	-0.192805	-0.021953	0.002957	0.021556	0.260325	0.250180	0.591140
2021-07-29 06:17:15.000000 	88.000000	58.609717	-152.394075	157.200020	-0.039220	-0.009603	0.023184	0.263047	0.211058	0.387452	-0.130227	-0.021391	-0.009664	0.040211	0.193051	0.185526	0.438372
2021-07-29 06:17:16.000000 	89.000000	58.609717	-152.394075	157.200020	-0.023018	-0.010077	0.018599	0.343070	0.275275	0.505328	-0.182897	-0.011710	-0.001736	0.028934	0.251785	0.241969	0.571739
2021-07-29 06:17:17.000000 	90.000000	58.609717	-152.394075	157.200020	-0.033612	-0.007486	0.005715	0.282363	0.226573	0.415915	-0.149954	-0.025411	-0.008941	0.022199	0.207235	0.199154	0.470575
2021-07-29 06:17:18.000000 	91.000000	58.609717	-152.394075	157.200020	-0.030342	-0.026245	0.018413	0.309557	0.248403	0.455979	-0.159749	-0.023743	0.009197	0.036058	0.227199	0.218338	0.515903
2021-07-29 06:17:19.000000 	92.000000	58.609717	-152.394075	157.200020	-0.028640	-0.006733	0.018032	0.335957	0.269597	0.494873	-0.177760	-0.014936	-0.007305	0.030237	0.246580	0.236961	0.559907
2021-07-29 06:17:20.000000 	93.000000	58.609717	-152.394075	157.200020	-0.033688	-0.010937	0.022070	0.309368	0.248269	0.455714	-0.158993	-0.018314	-0.005919	0.037028	0.227070	0.218210	0.515602
2021-07-29 06:17:21.000000 	94.000000	58.609717	-152.394075	157.200020	-0.043595	-0.024686	0.035671	0.318061	0.255255	0.468526	-0.154336	-0.024162	0.001674	0.056531	0.233455	0.224344	0.530096
2021-07-29 06:17:22.000000 	95.000000	58.609717	-152.394075	157.200020	-0.029110	-0.008055	0.009080	0.417264	0.334881	0.614669	-0.227817	-0.020478	-0.006351	0.023132	0.306276	0.294322	0.695444
2021-07-29 06:17:23.000000 	96.000000	58.609717	-152.394075	157.200020	-0.033938	-0.017414	0.020489	0.260021	0.208691	0.383040	-0.130345	-0.021889	-0.000295	0.037358	0.190862	0.183411	0.433376
2021-07-29 06:17:24.000000 	97.000000	58.609717	-152.394075	157.200020	-0.032443	-0.012260	0.021922	0.271372	0.217809	0.399768	-0.137362	-0.017973	-0.004169	0.036648	0.199198	0.191420	0.452301
2021-07-29 06:17:25.000000 	98.000000	58.609717	-152.394075	157.200020	-0.039585	-0.014975	0.011256	0.341478	0.274088	0.503052	-0.179487	-0.030005	-0.005073	0.031494	0.250664	0.240875	0.569156
2021-07-29 06:17:26.000000 	99.000000	58.609717	-152.394075	157.200020	-0.022371	-0.011947	0.021410	0.278826	0.223808	0.410761	-0.144806	-0.010496	0.000221	0.031486	0.204679	0.196684	0.464738
2021-07-29 06:17:27.000000 	100.000000	58.609717	-152.394075	157.200020	-0.036159	-0.020506	0.008417	0.314844	0.252729	0.463829	-0.165585	-0.031080	0.001416	0.028825	0.231123	0.222094	0.524779
2021-07-29 06:17:28.000000 	101.000000	58.609717	-152.394075	157.200020	-0.030924	-0.007605	0.024147	0.267814	0.214985	0.394550	-0.135357	-0.013823	-0.007591	0.036721	0.196603	0.188921	0.446395
2021-07-29 06:17:29.000000 	102.000000	58.609717	-152.394075	157.200020	-0.030103	-0.016187	0.022607	0.387420	0.311009	0.570766	-0.204326	-0.017400	0.000395	0.037100	0.284413	0.273297	0.645765
2021-07-29 06:17:30.000000 	103.000000	58.609717	-152.394075	157.200020	-0.040554	-0.016501	0.025985	0.284155	0.228120	0.418638	-0.140310	-0.023670	-0.004170	0.044883	0.208609	0.200454	0.473646
2021-07-29 06:17:31.000000 	104.000000	58.609717	-152.394075	157.200020	-0.027092	-0.018900	0.008739	0.280035	0.224821	0.412574	-0.148262	-0.023418	0.004195	0.024526	0.205589	0.197550	0.466785
2021-07-29 06:17:32.000000 	105.000000	58.609717	-152.394075	157.200020	-0.031961	-0.007017	0.023072	0.364686	0.292792	0.537298	-0.191425	-0.014935	-0.008592	0.036141	0.267741	0.257271	0.607897
2021-07-29 06:17:33.000000 	106.000000	58.609717	-152.394075	157.200020	-0.028491	-0.020288	0.033943	0.326064	0.261794	0.480403	-0.164514	-0.011897	0.004776	0.047022	0.239392	0.230028	0.543525
2021-07-29 06:17:34.000000 	107.000000	58.609717	-152.394075	157.200020	-0.038975	-0.019804	0.017748	0.277327	0.222671	0.408602	-0.139613	-0.028072	-0.000511	0.037920	0.203613	0.195648	0.462289
2021-07-29 06:17:35.000000 	108.000000	58.609717	-152.394075	157.200020	-0.037070	-0.014105	0.029577	0.338289	0.271629	0.498429	-0.171515	-0.018216	-0.004678	0.045763	0.248378	0.238659	0.563918
2021-07-29 06:17:36.000000 	109.000000	58.609717	-152.394075	157.200020	-0.026963	-0.016845	0.012493	0.291786	0.234298	0.429919	-0.153919	-0.020552	0.002433	0.027176	0.214239	0.205855	0.486406
2021-07-29 06:17:37.000000 	110.000000	58.609717	-152.394075	157.200020	-0.024223	-0.012792	0.030519	0.260890	0.209497	0.384402	-0.130281	-0.007488	0.000111	0.040321	0.191558	0.184060	0.434908
2021-07-29 06:17:38.000000 	111.000000	58.609717	-152.394075	157.200020	-0.032976	-0.017815	0.018489	0.353906	0.284200	0.521462	-0.185632	-0.022362	0.000506	0.035303	0.259861	0.249687	0.589974
2021-07-29 06:17:39.000000 	112.000000	58.609717	-152.394075	157.200020	-0.028710	-0.001926	0.010258	0.330607	0.265500	0.487140	-0.178150	-0.017137	-0.011597	0.022473	0.242759	0.233253	0.551142
2021-07-29 06:17:40.000000 	113.000000	58.609717	-152.394075	157.200020	-0.033652	-0.024029	0.026382	0.281335	0.225939	0.414544	-0.139759	-0.021221	0.005700	0.043853	0.206584	0.198493	0.469008
2021-07-29 06:17:41.000000 	114.000000	58.609717	-152.394075	157.200020	-0.032743	-0.018483	0.026968	0.327126	0.262724	0.482025	-0.166903	-0.018034	0.001206	0.042595	0.240213	0.230803	0.545353
2021-07-29 06:17:42.000000 	115.000000	58.609717	-152.394075	157.200020	-0.026245	-0.010885	0.023184	0.311422	0.250121	0.458891	-0.161970	-0.012083	-0.002516	0.034531	0.228687	0.219727	0.519179
2021-07-29 06:17:43.000000 	116.000000	58.609717	-152.394075	157.200020	-0.033145	-0.013740	0.027778	0.373586	0.300060	0.550501	-0.193781	-0.016040	-0.003183	0.042327	0.274342	0.263591	0.622824
2021-07-29 06:17:44.000000 	117.000000	58.609717	-152.394075	157.200020	-0.018603	-0.019137	0.006709	0.288525	0.231748	0.425164	-0.156378	-0.018148	0.008338	0.018933	0.211882	0.203578	0.481021
2021-07-29 06:17:45.000000 	118.000000	58.609717	-152.394075	157.200020	-0.044415	-0.019066	0.042565	0.316695	0.254384	0.466681	-0.151311	-0.018970	-0.003687	0.061437	0.232574	0.223457	0.527991
2021-07-29 06:17:46.000000 	119.000000	58.609717	-152.394075	157.200020	-0.029465	-0.014616	0.015811	0.308285	0.247638	0.454295	-0.161724	-0.019835	-0.000701	0.030624	0.226403	0.217526	0.513977
2021-07-29 06:17:47.000000 	120.000000	58.609717	-152.394075	157.200020	-0.038540	-0.010167	0.018189	0.239963	0.192764	0.353620	-0.118991	-0.023701	-0.008849	0.035769	0.176232	0.169321	0.400075
2021-07-29 06:17:48.000000 	121.000000	58.609717	-152.394075	157.200020	-0.029360	-0.028434	0.039969	0.378010	0.303670	0.557061	-0.190963	-0.012638	0.011592	0.054533	0.277622	0.266732	0.630241
2021-07-29 06:17:49.000000 	122.000000	58.609717	-152.394075	157.200020	-0.022926	0.000423	0.012594	0.331332	0.266181	0.488280	-0.179574	-0.010616	-0.010998	0.021231	0.243346	0.233798	0.552423
2021-07-29 06:17:50.000000 	123.000000	58.609717	-152.394075	157.200020	-0.033936	-0.017650	0.005657	0.305363	0.245328	0.450017	-0.162212	-0.029707	-0.000085	0.024753	0.224278	0.215477	0.509133
2021-07-29 06:17:51.000000 	124.000000	58.609717	-152.394075	157.200020	-0.023502	-0.011991	0.024693	0.304485	0.244631	0.448729	-0.158062	-0.009660	-0.000265	0.034821	0.223638	0.214861	0.507675
2021-07-29 06:17:52.000000 	125.000000	58.609717	-152.394075	157.200020	-0.048598	-0.013537	0.035605	0.340492	0.273571	0.501800	-0.167113	-0.023572	-0.010524	0.056093	0.250090	0.240273	0.567717
2021-07-29 06:17:53.000000 	126.000000	58.609717	-152.394075	157.200020	-0.029443	-0.009231	0.005330	0.309111	0.248367	0.455560	-0.166770	-0.023148	-0.005464	0.020368	0.227047	0.218132	0.515402
2021-07-29 06:17:54.000000 	127.000000	58.609717	-152.394075	157.200020	-0.036564	-0.017884	0.014838	0.309330	0.248552	0.455889	-0.160257	-0.027005	-0.001095	0.033860	0.227213	0.218290	0.515774
2021-07-29 06:17:55.000000 	128.000000	58.609717	-152.394075	157.200020	-0.030770	-0.007579	0.011526	0.370751	0.297916	0.546419	-0.199768	-0.020271	-0.007542	0.025871	0.272335	0.261638	0.618194
2021-07-29 06:17:56.000000 	129.000000	58.609717	-152.394075	157.200020	-0.034999	-0.021180	0.026169	0.282532	0.227037	0.416406	-0.140532	-0.021223	0.002551	0.043605	0.207538	0.199385	0.471103
2021-07-29 06:17:57.000000 	130.000000	58.609717	-152.394075	157.200020	-0.034166	-0.013312	0.032227	0.339985	0.273215	0.501090	-0.172456	-0.014324	-0.004036	0.046493	0.249747	0.239933	0.566909
2021-07-29 06:17:58.000000 	131.000000	58.609717	-152.394075	157.200020	-0.038514	-0.001685	0.018875	0.259917	0.208879	0.383087	-0.131075	-0.019969	-0.016353	0.034296	0.190935	0.183431	0.433405
2021-07-29 06:17:59.000000 	132.000000	58.609717	-152.394075	157.200020	-0.041613	-0.016328	0.021394	0.333285	0.267850	0.491229	-0.170281	-0.026794	-0.004814	0.041411	0.244836	0.235212	0.555751
2021-07-29 06:18:00.000000 	133.000000	58.609717	-152.394075	157.200020	-0.029871	-0.004394	0.022551	0.362845	0.291618	0.534805	-0.191510	-0.012588	-0.009948	0.034098	0.266558	0.256078	0.605050
2021-07-29 06:18:01.000000 	134.000000	58.609717	-152.394075	157.200020	-0.025326	-0.014873	-0.000690	0.282857	0.227341	0.416915	-0.154507	-0.025400	0.001444	0.014691	0.207801	0.199629	0.471675
2021-07-29 06:18:02.000000 	135.000000	58.609717	-152.394075	157.200020	-0.036758	-0.017260	0.025426	0.298172	0.239659	0.439495	-0.149805	-0.021390	-0.001738	0.042837	0.219057	0.210441	0.497220
2021-07-29 06:18:03.000000 	136.000000	58.609717	-152.394075	157.200020	-0.025475	-0.014363	0.016574	0.340170	0.273425	0.501406	-0.181057	-0.016320	0.000923	0.029373	0.249918	0.240086	0.567261
2021-07-29 06:18:04.000000 	137.000000	58.609717	-152.394075	157.200020	-0.043184	-0.017902	0.017311	0.245672	0.197476	0.362122	-0.120360	-0.030732	-0.004147	0.039031	0.180496	0.173394	0.409683
2021-07-29 06:18:05.000000 	138.000000	58.609717	-152.394075	157.200020	-0.020858	-0.013794	0.015435	0.359289	0.288814	0.529601	-0.193873	-0.013195	0.002558	0.026133	0.263976	0.253587	0.599157
2021-07-29 06:18:06.000000 	139.000000	58.609717	-152.394075	157.200020	-0.036608	-0.017006	0.022164	0.306271	0.246205	0.451458	-0.155827	-0.022875	-0.001894	0.039922	0.225028	0.216171	0.510750
2021-07-29 06:18:07.000000 	140.000000	58.609717	-152.394075	157.200020	-0.036029	-0.019720	0.016865	0.321924	0.258798	0.474538	-0.166775	-0.026270	0.000779	0.035786	0.236535	0.227222	0.536861
2021-07-29 06:18:08.000000 	141.000000	58.609717	-152.394075	157.200020	-0.037980	-0.023998	0.025219	0.321921	0.258805	0.474540	-0.162514	-0.025087	0.003666	0.044851	0.236538	0.227223	0.536862
2021-07-29 06:18:09.000000 	142.000000	58.609717	-152.394075	157.200020	-0.048008	-0.008570	0.025223	0.334274	0.268747	0.492757	-0.168205	-0.026568	-0.014652	0.045758	0.245620	0.235947	0.557471
2021-07-29 06:18:10.000000 	143.000000	58.609717	-152.394075	157.200020	-0.021873	-0.020035	0.013973	0.278784	0.224143	0.410964	-0.147029	-0.017193	0.007619	0.026859	0.204851	0.196782	0.464934
2021-07-29 06:18:11.000000 	144.000000	58.609717	-152.394075	157.200020	-0.024348	-0.014933	0.011687	0.332909	0.267670	0.490758	-0.179041	-0.018238	0.001950	0.024819	0.244629	0.234990	0.555207
2021-07-29 06:18:12.000000 	145.000000	58.609717	-152.394075	157.200020	-0.036540	-0.006466	0.027550	0.356421	0.286585	0.525425	-0.183788	-0.015849	-0.011202	0.041944	0.261912	0.251591	0.594426
2021-07-29 06:18:13.000000 	146.000000	58.609717	-152.394075	157.200020	-0.032875	-0.040999	0.027844	0.254363	0.204531	0.374980	-0.121420	-0.026583	0.021098	0.048838	0.186920	0.179553	0.424223
2021-07-29 06:18:14.000000 	147.000000	58.609717	-152.394075	157.200020	-0.020173	-0.017533	-0.011867	0.341275	0.274428	0.503113	-0.193654	-0.028377	0.006189	0.003413	0.250794	0.240907	0.569181
2021-07-29 06:18:15.000000 	148.000000	58.609717	-152.394075	157.200020	-0.050613	-0.034071	0.030571	0.281940	0.226723	0.415645	-0.132140	-0.035840	0.006739	0.057681	0.207195	0.199026	0.470227
2021-07-29 06:18:16.000000 	149.000000	58.609717	-152.394075	157.200020	-0.028568	-0.020041	0.005961	0.310387	0.249608	0.457589	-0.166425	-0.026433	0.004521	0.023111	0.228106	0.219110	0.517678
2021-07-29 06:18:17.000000 	150.000000	58.609717	-152.394075	157.200020	-0.039072	-0.021002	0.019189	0.314909	0.253254	0.464262	-0.160809	-0.027869	0.000506	0.039484	0.231435	0.222306	0.525226
2021-07-29 06:18:18.000000 	151.000000	58.609717	-152.394075	157.200020	-0.030879	-0.019725	0.027621	0.294862	0.237142	0.434714	-0.148538	-0.016774	0.003170	0.042592	0.216707	0.208158	0.491797
2021-07-29 06:18:19.000000 	152.000000	58.609717	-152.394075	157.200020	-0.023027	-0.007010	0.009106	0.329158	0.264734	0.485283	-0.179089	-0.015449	-0.004458	0.020094	0.241919	0.232373	0.549006
2021-07-29 06:18:20.000000 	153.000000	58.609717	-152.394075	157.200020	-0.028777	-0.011777	0.017801	0.321818	0.258841	0.474467	-0.169386	-0.017155	-0.002899	0.031320	0.236530	0.227194	0.536769
2021-07-29 06:18:21.000000 	154.000000	58.609717	-152.394075	157.200020	-0.026147	-0.014083	0.018901	0.294607	0.236964	0.434355	-0.153771	-0.015505	0.000363	0.031603	0.216535	0.207987	0.491389
2021-07-29 06:18:22.000000 	155.000000	58.609717	-152.394075	157.200020	-0.027273	-0.004309	0.034293	0.290885	0.233979	0.428875	-0.146162	-0.004473	-0.008820	0.042902	0.213805	0.205363	0.485188
2021-07-29 06:18:23.000000 	156.000000	58.609717	-152.394075	157.200020	-0.030006	-0.013044	0.033164	0.337387	0.271394	0.497443	-0.171892	-0.010584	-0.002346	0.045308	0.247991	0.238197	0.562758
2021-07-29 06:18:24.000000 	157.000000	58.609717	-152.394075	157.200020	-0.038916	-0.025112	0.018748	0.299756	0.241133	0.441965	-0.151779	-0.029606	0.004220	0.040027	0.220336	0.211633	0.499996
2021-07-29 06:18:25.000000 	158.000000	58.609717	-152.394075	157.200020	-0.022836	-0.006725	0.009665	0.340851	0.274202	0.502564	-0.185722	-0.014901	-0.004623	0.020414	0.250549	0.240651	0.568550
2021-07-29 06:18:26.000000 	159.000000	58.609717	-152.394075	157.200020	-0.030029	-0.010606	0.043131	0.306665	0.246710	0.452165	-0.150397	-0.004445	-0.004517	0.053238	0.225426	0.216518	0.511533
2021-07-29 06:18:27.000000 	160.000000	58.609717	-152.394075	157.200020	-0.019456	-0.005830	0.023452	0.356066	0.286463	0.525011	-0.190124	-0.004808	-0.003849	0.030407	0.261746	0.251401	0.593942
2021-07-29 06:18:28.000000 	161.000000	58.609717	-152.394075	157.200020	-0.028737	0.005985	0.029932	0.299158	0.240689	0.441108	-0.153059	-0.003780	-0.018620	0.037371	0.219918	0.211225	0.499022
2021-07-29 06:18:29.000000 	162.000000	58.609717	-152.394075	157.200020	-0.020420	-0.009323	0.027323	0.302142	0.243098	0.445513	-0.156909	-0.004903	-0.001201	0.035000	0.222117	0.213335	0.504005
2021-07-29 06:18:30.000000 	163.000000	58.609717	-152.394075	157.200020	-0.038926	-0.015212	0.039087	0.330307	0.265770	0.487050	-0.162731	-0.015104	-0.004558	0.055004	0.242829	0.233226	0.550995
2021-07-29 06:18:31.000000 	164.000000	58.609717	-152.394075	157.200020	-0.042985	-0.016953	0.014123	0.311618	0.250742	0.459498	-0.160101	-0.031866	-0.004896	0.035988	0.229094	0.220033	0.519824
2021-07-29 06:18:32.000000 	165.000000	58.609717	-152.394075	157.200020	-0.035612	-0.016528	0.048777	0.391671	0.315168	0.577549	-0.195132	-0.008071	-0.001856	0.062064	0.287955	0.276563	0.653372
2021-07-29 06:18:33.000000 	166.000000	58.609717	-152.394075	157.200020	-0.033889	-0.016052	0.024083	0.314534	0.253108	0.463811	-0.160872	-0.019442	-0.001479	0.040074	0.231250	0.222099	0.524701
2021-07-29 06:18:34.000000 	167.000000	58.609717	-152.394075	157.200020	-0.055537	-0.017566	0.024166	0.267198	0.215025	0.394015	-0.126368	-0.036373	-0.010169	0.050503	0.196453	0.188678	0.445742
2021-07-29 06:18:35.000000 	168.000000	58.609717	-152.394075	157.200020	-0.018173	-0.000061	0.032038	0.371609	0.299060	0.547988	-0.196521	0.002917	-0.008367	0.035751	0.273226	0.262410	0.619927
2021-07-29 06:18:36.000000 	169.000000	58.609717	-152.394075	157.200020	-0.048108	-0.000264	0.043635	0.289169	0.232723	0.426424	-0.135608	-0.013768	-0.022058	0.059518	0.212617	0.204199	0.482404
2021-07-29 06:18:37.000000 	170.000000	58.609717	-152.394075	157.200020	-0.029027	0.003638	-0.005088	0.330123	0.265693	0.486824	-0.184247	-0.023169	-0.016675	0.008176	0.242735	0.233123	0.550731
2021-07-29 06:18:38.000000 	171.000000	58.609717	-152.394075	157.200020	-0.045015	-0.019349	0.021760	0.311820	0.250973	0.459840	-0.156486	-0.030371	-0.003713	0.044022	0.229283	0.220202	0.520204
2021-07-29 06:18:39.000000 	172.000000	58.609717	-152.394075	157.200020	-0.039146	0.003359	0.026278	0.299838	0.241338	0.442176	-0.151656	-0.014596	-0.021117	0.039689	0.220478	0.211744	0.500220
2021-07-29 06:18:40.000000 	173.000000	58.609717	-152.394075	157.200020	-0.042268	-0.004018	0.012639	0.300245	0.241675	0.442782	-0.155562	-0.026980	-0.016026	0.031268	0.220783	0.212035	0.500905
2021-07-29 06:18:41.000000 	174.000000	58.609717	-152.394075	157.200020	-0.036650	-0.021059	0.022525	0.337935	0.272023	0.498372	-0.173675	-0.024322	0.001678	0.041228	0.248504	0.238656	0.563791
2021-07-29 06:18:42.000000 	175.000000	58.609717	-152.394075	157.200020	-0.023271	-0.004025	0.002278	0.260243	0.209493	0.383800	-0.142198	-0.018009	-0.007217	0.013658	0.191378	0.183792	0.434179
2021-07-29 06:18:43.000000 	176.000000	58.609717	-152.394075	157.200020	-0.036040	-0.013117	0.024090	0.349350	0.281233	0.515219	-0.180703	-0.019904	-0.005077	0.040365	0.256911	0.246726	0.582848
2021-07-29 06:18:44.000000 	177.000000	58.609717	-152.394075	157.200020	-0.021571	-0.021744	-0.009263	0.280484	0.225804	0.413661	-0.156695	-0.029743	0.009273	0.007297	0.206273	0.198093	0.467958
2021-07-29 06:18:45.000000 	178.000000	58.609717	-152.394075	157.200020	-0.020039	-0.006592	0.017181	0.352149	0.283508	0.519360	-0.190189	-0.008818	-0.003444	0.025507	0.258982	0.248711	0.587530
2021-07-29 06:18:46.000000 	179.000000	58.609717	-152.394075	157.200020	-0.025749	-0.025749	0.004212	0.284405	0.228978	0.419455	-0.152249	-0.027470	0.010886	0.021695	0.209167	0.200869	0.474511
2021-07-29 06:18:47.000000 	180.000000	58.609717	-152.394075	157.200020	-0.026190	-0.031801	0.051404	0.303636	0.244471	0.447824	-0.143990	-0.005617	0.016045	0.063644	0.223316	0.214456	0.506603
2021-07-29 06:18:48.000000 	181.000000	58.609717	-152.394075	157.200020	-0.019231	-0.022685	0.024694	0.283391	0.228179	0.417971	-0.146033	-0.010658	0.011191	0.035432	0.208432	0.200160	0.472830
2021-07-29 06:18:49.000000 	182.000000	58.609717	-152.394075	157.200020	-0.032019	-0.023152	0.029127	0.410672	0.330675	0.605703	-0.214272	-0.018208	0.005679	0.045230	0.302053	0.290064	0.685201
2021-07-29 06:18:50.000000 	183.000000	58.609717	-152.394075	157.200020	-0.032242	-0.003357	0.034831	0.237469	0.191219	0.350251	-0.113795	-0.007576	-0.011966	0.045425	0.174666	0.167731	0.396220
2021-07-29 06:18:51.000000 	184.000000	58.609717	-152.394075	157.200020	-0.048450	-0.017000	0.045910	0.353745	0.284860	0.521756	-0.170717	-0.019462	-0.007386	0.065656	0.260196	0.249864	0.590233
2021-07-29 06:18:52.000000 	185.000000	58.609717	-152.394075	157.200020	-0.044136	-0.008738	0.016010	0.292461	0.235519	0.431370	-0.148813	-0.028504	-0.012709	0.036147	0.215125	0.206581	0.487985
2021-07-29 06:18:53.000000 	186.000000	58.609717	-152.394075	157.200020	-0.034542	-0.007339	0.033717	0.279635	0.225199	0.412458	-0.137653	-0.011471	-0.009503	0.046497	0.205696	0.197525	0.466589
2021-07-29 06:18:54.000000 	187.000000	58.609717	-152.394075	157.200020	-0.035202	-0.020710	0.014299	0.311027	0.250490	0.458767	-0.161752	-0.027374	0.002040	0.033453	0.228793	0.219703	0.518975
2021-07-29 06:18:55.000000 	188.000000	58.609717	-152.394075	157.200020	-0.039681	-0.024455	0.043054	0.311070	0.250534	0.458835	-0.148919	-0.017265	0.003283	0.060971	0.228830	0.219737	0.519051
2021-07-29 06:18:56.000000 	189.000000	58.609717	-152.394075	157.200020	-0.022445	-0.007098	0.004488	0.317513	0.255733	0.468345	-0.174440	-0.017449	-0.004111	0.015904	0.233576	0.224292	0.529808
2021-07-29 06:18:57.000000 	190.000000	58.609717	-152.394075	157.200020	-0.033804	-0.013081	0.017025	0.302837	0.243922	0.446704	-0.157247	-0.021878	-0.004073	0.033294	0.222786	0.213929	0.505325
2021-07-29 06:18:58.000000 	191.000000	58.609717	-152.394075	157.200020	-0.053394	-0.015340	0.034217	0.334813	0.269688	0.493876	-0.162960	-0.028636	-0.011148	0.057557	0.246315	0.236521	0.558687
2021-07-29 06:18:59.000000 	192.000000	58.609717	-152.394075	157.200020	-0.030512	-0.014246	0.011493	0.310221	0.249889	0.457607	-0.164488	-0.022730	-0.001514	0.027333	0.228229	0.219153	0.517657
2021-07-29 06:19:00.000000 	193.000000	58.609717	-152.394075	157.200020	-0.021024	-0.001180	-0.015695	0.272071	0.219168	0.401338	-0.156691	-0.024545	-0.008696	-0.003409	0.200168	0.192206	0.454003
2021-07-29 06:19:01.000000 	194.000000	58.609717	-152.394075	157.200020	-0.021916	-0.010123	0.023371	0.267019	0.215106	0.393890	-0.137838	-0.008410	-0.001185	0.032509	0.196456	0.188640	0.445577
2021-07-29 06:19:02.000000 	195.000000	58.609717	-152.394075	157.200020	-0.025090	-0.016261	0.036061	0.363903	0.293165	0.536814	-0.187232	-0.006629	0.002783	0.046289	0.267744	0.257089	0.607255
2021-07-29 06:19:03.000000 	196.000000	58.609717	-152.394075	157.200020	-0.032754	-0.026463	0.019266	0.318156	0.256321	0.469336	-0.164058	-0.025210	0.008273	0.037952	0.234092	0.224774	0.530922
2021-07-29 06:19:04.000000 	197.000000	58.609717	-152.394075	157.200020	-0.044471	-0.016485	0.033627	0.276323	0.222627	0.407630	-0.131934	-0.022646	-0.005999	0.053210	0.203317	0.195223	0.461117
2021-07-29 06:19:05.000000 	198.000000	58.609717	-152.394075	157.200020	-0.023223	-0.016140	0.020835	0.374966	0.302114	0.553156	-0.200177	-0.013099	0.003542	0.032400	0.275906	0.264920	0.625737
2021-07-29 06:19:06.000000 	199.000000	58.609717	-152.394075	157.200020	-0.032941	0.001675	0.047351	0.241469	0.194561	0.356222	-0.111208	0.000408	-0.016749	0.055221	0.177681	0.170605	0.402963
2021-07-29 06:19:07.000000 	200.000000	58.609717	-152.394075	157.200020	-0.026976	-0.011144	0.025347	0.351519	0.283244	0.518578	-0.184360	-0.011612	-0.002625	0.036778	0.258666	0.248363	0.586620
2021-07-29 06:19:08.000000 	201.000000	58.609717	-152.394075	157.200020	-0.030854	-0.007212	0.002651	0.348657	0.280949	0.514363	-0.190698	-0.024812	-0.007906	0.018244	0.256567	0.246345	0.581851
2021-07-29 06:19:09.000000 	202.000000	58.609717	-152.394075	157.200020	-0.042883	-0.022071	0.044787	0.287404	0.231600	0.424003	-0.133904	-0.017842	-0.000313	0.063352	0.211498	0.203070	0.479634
2021-07-29 06:19:10.000000 	203.000000	58.609717	-152.394075	157.200020	-0.040875	-0.011544	0.016497	0.306579	0.247062	0.452298	-0.157658	-0.026894	-0.008711	0.035736	0.225616	0.216623	0.511641
2021-07-29 06:19:11.000000 	204.000000	58.609717	-152.394075	157.200020	-0.028262	-0.006541	0.021112	0.267046	0.215212	0.393979	-0.137303	-0.012969	-0.007300	0.032646	0.196527	0.188693	0.445669
2021-07-29 06:19:12.000000 	205.000000	58.609717	-152.394075	157.200020	-0.011958	-0.016618	0.001367	0.339729	0.273798	0.501217	-0.190422	-0.014907	0.009185	0.010698	0.250024	0.240055	0.566976
2021-07-29 06:19:13.000000 	206.000000	58.609717	-152.394075	157.200020	-0.040820	-0.012890	0.032724	0.359877	0.290048	0.530949	-0.182193	-0.018932	-0.007493	0.049887	0.264859	0.254296	0.600607
2021-07-29 06:19:14.000000 	207.000000	58.609717	-152.394075	157.200020	-0.031774	-0.008680	0.028528	0.267029	0.215224	0.393969	-0.133174	-0.012610	-0.007032	0.041114	0.196531	0.188692	0.445655
2021-07-29 06:19:15.000000 	208.000000	58.609717	-152.394075	157.200020	-0.041928	-0.011320	0.041849	0.321318	0.258991	0.474071	-0.156117	-0.014397	-0.009398	0.057809	0.236493	0.227058	0.536265
2021-07-29 06:19:16.000000 	209.000000	58.609717	-152.394075	157.200020	-0.030762	-0.012489	0.016151	0.336074	0.270895	0.495849	-0.177839	-0.019798	-0.003187	0.031000	0.247361	0.237490	0.560899
2021-07-29 06:19:17.000000 	210.000000	58.609717	-152.394075	157.200020	-0.022581	-0.004509	0.024276	0.281676	0.227056	0.415594	-0.146343	-0.006221	-0.006468	0.032234	0.207328	0.199053	0.470115
2021-07-29 06:19:18.000000 	211.000000	58.609717	-152.394075	157.200020	-0.039792	-0.007318	0.031537	0.359419	0.289735	0.530305	-0.183229	-0.016569	-0.011954	0.047054	0.264557	0.253996	0.599873
2021-07-29 06:19:19.000000 	212.000000	58.609717	-152.394075	157.200020	-0.037774	-0.023723	0.037554	0.301955	0.243422	0.445526	-0.146541	-0.018398	0.003518	0.055218	0.222266	0.213391	0.503971
2021-07-29 06:19:20.000000 	213.000000	58.609717	-152.394075	157.200020	-0.024121	-0.005786	0.017339	0.292873	0.236110	0.432131	-0.154999	-0.011504	-0.006050	0.027331	0.215586	0.206977	0.488817
2021-07-29 06:19:21.000000 	214.000000	58.609717	-152.394075	157.200020	-0.047050	-0.020668	0.040192	0.348323	0.280824	0.513952	-0.170000	-0.022832	-0.003487	0.061015	0.256411	0.246168	0.581371
2021-07-29 06:19:22.000000 	215.000000	58.609717	-152.394075	157.200020	-0.026677	-0.009640	0.024759	0.312202	0.251712	0.460661	-0.162181	-0.011097	-0.003820	0.035776	0.229827	0.220645	0.521088
2021-07-29 06:19:23.000000 	216.000000	58.609717	-152.394075	157.200020	-0.043358	-0.018287	0.003270	0.287472	0.231783	0.424177	-0.149982	-0.038329	-0.003887	0.027218	0.211628	0.203171	0.479818
2021-07-29 06:19:24.000000 	217.000000	58.609717	-152.394075	157.200020	-0.036847	-0.018002	0.036372	0.343349	0.276847	0.506632	-0.171895	-0.016050	-0.001122	0.052401	0.252770	0.242667	0.573087
2021-07-29 06:19:25.000000 	218.000000	58.609717	-152.394075	157.200020	-0.045519	-0.006310	0.003795	0.283740	0.228792	0.418680	-0.148127	-0.034952	-0.015501	0.025772	0.208892	0.200541	0.473598
2021-07-29 06:19:26.000000 	219.000000	58.609717	-152.394075	157.200020	-0.032538	-0.016860	0.035722	0.319724	0.257818	0.471784	-0.159839	-0.012676	-0.000137	0.049581	0.235390	0.225979	0.533665
2021-07-29 06:19:27.000000 	220.000000	58.609717	-152.394075	157.200020	-0.031693	-0.010238	0.003385	0.308811	0.249028	0.455686	-0.166897	-0.026261	-0.005614	0.019989	0.227362	0.218269	0.515455
2021-07-29 06:19:28.000000 	221.000000	58.609717	-152.394075	157.200020	-0.037450	-0.006909	0.019740	0.319943	0.258015	0.472118	-0.165731	-0.020780	-0.011231	0.035804	0.235564	0.226142	0.534041
2021-07-29 06:19:29.000000 	222.000000	58.609717	-152.394075	157.200020	-0.021312	-0.003639	0.027159	0.292316	0.235746	0.431357	-0.151813	-0.003415	-0.006651	0.033899	0.215230	0.206619	0.487933
2021-07-29 06:19:30.000000 	223.000000	58.609717	-152.394075	157.200020	-0.043670	-0.012617	0.042168	0.297086	0.239602	0.438401	-0.141371	-0.016062	-0.009055	0.059199	0.218748	0.209994	0.495899
2021-07-29 06:19:31.000000 	224.000000	58.609717	-152.394075	157.200020	-0.020547	-0.011729	-0.002242	0.315281	0.254286	0.465255	-0.175911	-0.021350	0.000872	0.010401	0.232151	0.222859	0.526275
2021-07-29 06:19:32.000000 	225.000000	58.609717	-152.394075	157.200020	-0.036985	-0.010104	0.034744	0.304297	0.245437	0.449052	-0.150709	-0.013878	-0.008184	0.049169	0.224069	0.215100	0.507946
2021-07-29 06:19:33.000000 	226.000000	58.609717	-152.394075	157.200020	-0.048570	-0.021924	0.039681	0.339533	0.273868	0.501056	-0.164569	-0.024745	-0.003078	0.061583	0.250022	0.240012	0.566769
2021-07-29 06:19:34.000000 	227.000000	58.609717	-152.394075	157.200020	-0.024128	-0.027261	0.007902	0.426807	0.344278	0.629856	-0.233744	-0.024919	0.012977	0.024462	0.314297	0.301711	0.712460
2021-07-29 06:19:35.000000 	228.000000	58.609717	-152.394075	157.200020	-0.031727	-0.020710	0.028969	0.219701	0.177226	0.324225	-0.104370	-0.017103	0.003651	0.044372	0.161791	0.155310	0.366745
2021-07-29 06:19:36.000000 	229.000000	58.609717	-152.394075	157.200020	-0.017006	-0.019235	0.017967	0.368264	0.297079	0.543475	-0.198920	-0.011115	0.009165	0.027829	0.271202	0.260337	0.614747
2021-07-29 06:19:37.000000 	230.000000	58.609717	-152.394075	157.200020	-0.019524	-0.012941	0.023886	0.291404	0.235085	0.430051	-0.152219	-0.007447	0.002420	0.032526	0.214605	0.206006	0.486448
2021-07-29 06:19:38.000000 	231.000000	58.609717	-152.394075	157.200020	-0.032278	-0.006801	0.035442	0.314789	0.253960	0.464568	-0.158189	-0.008647	-0.008930	0.046795	0.231834	0.222542	0.525490
2021-07-29 06:19:39.000000 	232.000000	58.609717	-152.394075	157.200020	-0.039573	-0.019963	0.029372	0.288365	0.232652	0.425577	-0.141826	-0.022533	-0.000647	0.048157	0.212379	0.203865	0.481384
2021-07-29 06:19:40.000000 	233.000000	58.609717	-152.394075	157.200020	-0.036257	-0.016063	0.039269	0.280335	0.226183	0.413731	-0.134704	-0.013327	-0.002567	0.054134	0.206471	0.198193	0.467985
2021-07-29 06:19:41.000000 	234.000000	58.609717	-152.394075	157.200020	-0.034069	-0.009113	0.043737	0.364472	0.294078	0.537910	-0.182914	-0.006595	-0.007711	0.055261	0.268446	0.257681	0.608446
2021-07-29 06:19:42.000000 	235.000000	58.609717	-152.394075	157.200020	-0.047354	-0.017259	0.025071	0.330776	0.266901	0.488185	-0.166000	-0.029589	-0.006649	0.047424	0.243635	0.233862	0.552199
2021-07-29 06:19:43.000000 	236.000000	58.609717	-152.394075	157.200020	-0.043160	0.001283	0.026644	0.326722	0.263640	0.482207	-0.165979	-0.018264	-0.021137	0.042356	0.240656	0.231001	0.545436
2021-07-29 06:19:44.000000 	237.000000	58.609717	-152.394075	157.200020	-0.037827	-0.011352	0.021412	0.310432	0.250506	0.458171	-0.159123	-0.021952	-0.007469	0.038478	0.228663	0.219488	0.518247
2021-07-29 06:19:45.000000 	238.000000	58.609717	-152.394075	157.200020	-0.035784	-0.005726	0.032640	0.233850	0.188715	0.345146	-0.111487	-0.012333	-0.011508	0.045762	0.172258	0.165344	0.390401
2021-07-29 06:19:46.000000 	239.000000	58.609717	-152.394075	157.200020	-0.039095	-0.009261	0.030026	0.417567	0.336987	0.616307	-0.217631	-0.017597	-0.009909	0.045912	0.307596	0.295248	0.697116
2021-07-29 06:19:47.000000 	240.000000	58.609717	-152.394075	157.200020	-0.034526	-0.017209	0.029149	0.313880	0.253319	0.463276	-0.158528	-0.017742	-0.000749	0.044972	0.231223	0.221939	0.524019
2021-07-29 06:19:48.000000 	241.000000	58.609717	-152.394075	157.200020	-0.037708	-0.004860	-0.005378	0.280465	0.226360	0.413961	-0.152351	-0.033249	-0.013166	0.013987	0.206613	0.198315	0.468236
2021-07-29 06:19:49.000000 	242.000000	58.609717	-152.394075	157.200020	-0.036744	-0.012432	0.022150	0.275473	0.222340	0.406598	-0.138819	-0.021176	-0.006010	0.038869	0.202942	0.194790	0.459907
2021-07-29 06:19:50.000000 	243.000000	58.609717	-152.394075	157.200020	-0.031056	-0.005216	0.024151	0.332064	0.268026	0.490131	-0.173181	-0.012976	-0.009769	0.036209	0.244639	0.234810	0.554391
2021-07-29 06:19:51.000000 	244.000000	58.609717	-152.394075	157.200020	-0.026622	-0.013633	0.022974	0.312960	0.252617	0.461940	-0.163061	-0.013565	-0.000255	0.035190	0.230571	0.221306	0.522502
2021-07-29 06:19:52.000000 	245.000000	58.609717	-152.394075	157.200020	-0.025802	-0.005339	0.016244	0.331744	0.267790	0.489671	-0.177585	-0.013170	-0.007225	0.027064	0.244417	0.234594	0.553867
2021-07-29 06:19:53.000000 	246.000000	58.609717	-152.394075	157.200020	-0.032900	-0.027062	0.017365	0.302029	0.243814	0.445815	-0.155527	-0.026548	0.008736	0.036540	0.222531	0.213585	0.504261
2021-07-29 06:19:54.000000 	247.000000	58.609717	-152.394075	157.200020	-0.019316	-0.013572	0.034813	0.327478	0.264368	0.483385	-0.168753	-0.001847	0.003077	0.041909	0.241288	0.231586	0.546755
2021-07-29 06:19:55.000000 	248.000000	58.609717	-152.394075	157.200020	-0.040768	-0.020840	0.035341	0.343803	0.277558	0.507488	-0.171277	-0.020675	-0.000424	0.054016	0.253324	0.243136	0.574016
2021-07-29 06:19:56.000000 	249.000000	58.609717	-152.394075	157.200020	-0.037591	-0.023058	0.029425	0.251778	0.203273	0.371654	-0.120860	-0.022231	0.003014	0.048034	0.185522	0.178060	0.420374
2021-07-29 06:19:57.000000 	250.000000	58.609717	-152.394075	157.200020	-0.032248	-0.011589	0.016125	0.408162	0.329543	0.602502	-0.219395	-0.020579	-0.004674	0.031447	0.300762	0.288662	0.681483
2021-07-29 06:19:58.000000 	251.000000	58.609717	-152.394075	157.200020	-0.031349	-0.019471	0.048852	0.239424	0.193314	0.353426	-0.108198	-0.005971	0.002728	0.060871	0.176429	0.169330	0.399755
2021-07-29 06:19:59.000000 	252.000000	58.609717	-152.394075	157.200020	-0.031477	-0.009297	0.008058	0.350438	0.282960	0.517305	-0.189545	-0.023291	-0.006348	0.023651	0.258242	0.247848	0.585115
2021-07-29 06:20:00.000000 	253.000000	58.609717	-152.394075	157.200020	-0.032646	-0.006921	0.023591	0.269578	0.217679	0.397947	-0.136653	-0.015145	-0.008995	0.036877	0.198661	0.190664	0.450110
2021-07-29 06:20:01.000000 	254.000000	58.609717	-152.394075	157.200020	-0.044873	-0.018665	0.042301	0.361928	0.292262	0.534278	-0.178116	-0.019295	-0.004254	0.061327	0.266725	0.255985	0.604311
2021-07-29 06:20:02.000000 	255.000000	58.609717	-152.394075	157.200020	-0.039936	-0.011601	0.023845	0.258496	0.208747	0.381596	-0.127456	-0.022378	-0.008225	0.041588	0.190505	0.182833	0.431614
2021-07-29 06:20:03.000000 	256.000000	58.609717	-152.394075	157.200020	-0.042689	-0.014554	0.041836	0.323101	0.260929	0.476972	-0.156849	-0.016259	-0.006884	0.058930	0.238125	0.228533	0.539490
2021-07-29 06:20:04.000000 	257.000000	58.609717	-152.394075	157.200020	-0.033409	-0.012378	0.032170	0.330336	0.266783	0.487659	-0.167765	-0.013412	-0.004512	0.045870	0.243464	0.233655	0.551577
2021-07-29 06:20:05.000000 	258.000000	58.609717	-152.394075	157.200020	-0.034742	-0.002022	0.014506	0.372383	0.300753	0.549737	-0.199511	-0.019525	-0.014307	0.028906	0.274462	0.263402	0.621790
2021-07-29 06:20:06.000000 	259.000000	58.609717	-152.394075	157.200020	-0.043260	-0.015071	0.046794	0.261735	0.211398	0.386396	-0.119039	-0.014313	-0.006691	0.063550	0.192915	0.185140	0.437039
2021-07-29 06:20:07.000000 	260.000000	58.609717	-152.394075	157.200020	-0.028311	-0.010420	0.008049	0.356443	0.287903	0.526217	-0.193882	-0.021346	-0.003885	0.022453	0.262729	0.252137	0.595184
2021-07-29 06:20:08.000000 	261.000000	58.609717	-152.394075	157.200020	-0.029790	-0.008891	0.017331	0.310232	0.250588	0.458000	-0.163313	-0.017024	-0.005925	0.030690	0.228674	0.219453	0.518026
2021-07-29 06:20:09.000000 	262.000000	58.609717	-152.394075	157.200020	-0.041403	-0.017902	0.049445	0.280126	0.226279	0.413558	-0.128949	-0.012647	-0.003322	0.065640	0.206488	0.198161	0.467758
2021-07-29 06:20:10.000000 	263.000000	58.609717	-152.394075	157.200020	-0.026283	-0.012912	0.019599	0.332731	0.268783	0.491227	-0.176069	-0.014781	-0.000737	0.031979	0.245273	0.235379	0.555605
2021-07-29 06:20:11.000000 	264.000000	58.609717	-152.394075	157.200020	-0.029803	-0.013847	0.001308	0.359817	0.290675	0.531221	-0.197609	-0.027341	-0.001540	0.018215	0.265246	0.254545	0.600839
2021-07-29 06:20:12.000000 	265.000000	58.609717	-152.394075	157.200020	-0.043464	-0.031353	0.033307	0.189309	0.152938	0.279493	-0.079933	-0.027932	0.007643	0.056061	0.139558	0.133926	0.316120
2021-07-29 06:20:13.000000 	266.000000	58.609717	-152.394075	157.200020	-0.040831	-0.010086	0.033193	0.340554	0.275136	0.502792	-0.171379	-0.017587	-0.009983	0.049616	0.251061	0.240928	0.568682
2021-07-29 06:20:14.000000 	267.000000	58.609717	-152.394075	157.200020	-0.021165	-0.019138	0.022446	0.381746	0.308428	0.563615	-0.204059	-0.011890	0.007152	0.033549	0.281437	0.270076	0.637474
2021-07-29 06:20:15.000000 	268.000000	58.609717	-152.394075	157.200020	-0.032839	-0.010616	0.030177	0.301238	0.243392	0.444756	-0.152087	-0.013322	-0.005810	0.043480	0.222090	0.213122	0.503038
2021-07-29 06:20:16.000000 	269.000000	58.609717	-152.394075	157.200020	-0.039069	-0.014466	0.042449	0.343682	0.277697	0.507428	-0.169665	-0.013166	-0.005285	0.057760	0.253390	0.243156	0.573920
2021-07-29 06:20:17.000000 	270.000000	58.609717	-152.394075	157.200020	-0.026619	-0.015084	0.003386	0.281792	0.227699	0.416055	-0.152462	-0.024339	0.001032	0.018817	0.207766	0.199373	0.470573
2021-07-29 06:20:18.000000 	271.000000	58.609717	-152.394075	157.200020	-0.033983	-0.003105	0.039642	0.281713	0.227645	0.415943	-0.137340	-0.006287	-0.012996	0.050275	0.207713	0.199321	0.470445
2021-07-29 06:20:19.000000 	272.000000	58.609717	-152.394075	157.200020	-0.039053	-0.006009	0.035818	0.320030	0.258618	0.472522	-0.159365	-0.013262	-0.012772	0.050052	0.235972	0.226437	0.534437
2021-07-29 06:20:20.000000 	273.000000	58.609717	-152.394075	157.200020	-0.037000	-0.018656	0.035260	0.273882	0.221335	0.404390	-0.132216	-0.017003	-0.000614	0.051680	0.201952	0.193789	0.457376
2021-07-29 06:20:21.000000 	274.000000	58.609717	-152.394075	157.200020	-0.046817	-0.001232	0.038833	0.316524	0.255806	0.467356	-0.154175	-0.015675	-0.020603	0.055056	0.233401	0.223966	0.528591
2021-07-29 06:20:22.000000 	275.000000	58.609717	-152.394075	157.200020	-0.027614	-0.002601	0.025071	0.376412	0.304218	0.555787	-0.199838	-0.008859	-0.010491	0.034776	0.277570	0.266347	0.628608
2021-07-29 06:20:23.000000 	276.000000	58.609717	-152.394075	157.200020	-0.047189	-0.025199	0.026216	0.274383	0.221767	0.405142	-0.132103	-0.032009	0.000464	0.050242	0.202339	0.194156	0.458224
2021-07-29 06:20:24.000000 	277.000000	58.609717	-152.394075	157.200020	-0.031670	-0.009875	0.024703	0.291782	0.235839	0.430837	-0.149202	-0.014996	-0.005925	0.038089	0.215176	0.206472	0.487284
2021-07-29 06:20:25.000000 	278.000000	58.609717	-152.394075	157.200020	-0.035555	-0.020577	0.013297	0.322669	0.260815	0.476450	-0.169193	-0.028109	0.001759	0.032729	0.237961	0.228334	0.538871
2021-07-29 06:20:26.000000 	279.000000	58.609717	-152.394075	157.200020	-0.044251	-0.019614	0.033156	0.365096	0.295121	0.539102	-0.183741	-0.023963	-0.003124	0.053462	0.269259	0.258362	0.609731
2021-07-29 06:20:27.000000 	280.000000	58.609717	-152.394075	157.200020	-0.024832	-0.016049	0.008196	0.294854	0.238352	0.435388	-0.158683	-0.020864	0.002715	0.022332	0.217462	0.208660	0.492427
2021-07-29 06:20:28.000000 	281.000000	58.609717	-152.394075	157.200020	-0.018424	-0.007728	0.028523	0.294078	0.237735	0.434246	-0.152952	-0.002137	-0.001689	0.034718	0.216896	0.208115	0.491135
2021-07-29 06:20:29.000000 	282.000000	58.609717	-152.394075	157.200020	-0.039094	-0.019793	0.035214	0.313953	0.253811	0.463598	-0.154791	-0.019061	-0.000576	0.052882	0.231561	0.222185	0.524331
2021-07-29 06:20:30.000000 	283.000000	58.609717	-152.394075	157.200020	-0.052711	-0.020072	0.047985	0.326614	0.264058	0.482300	-0.153046	-0.022820	-0.006639	0.070136	0.240907	0.231150	0.545481
2021-07-29 06:20:31.000000 	284.000000	58.609717	-152.394075	157.200020	-0.017725	-0.006935	0.014342	0.327601	0.264868	0.483763	-0.178232	-0.008681	-0.002069	0.022099	0.241643	0.231854	0.547135
2021-07-29 06:20:32.000000 	285.000000	58.609717	-152.394075	157.200020	-0.030993	-0.016350	0.016837	0.267180	0.216025	0.394544	-0.137535	-0.021142	0.000127	0.032624	0.197081	0.189096	0.446227
2021-07-29 06:20:33.000000 	286.000000	58.609717	-152.394075	157.200020	-0.034032	-0.017186	0.034385	0.324175	0.262119	0.478713	-0.162806	-0.014632	-0.000540	0.049209	0.239130	0.229439	0.541421
2021-07-29 06:20:34.000000 	287.000000	58.609717	-152.394075	157.200020	-0.039254	-0.010566	0.031918	0.286163	0.231393	0.422585	-0.140856	-0.017249	-0.008827	0.047915	0.211097	0.202540	0.477939
2021-07-29 06:20:35.000000 	288.000000	58.609717	-152.394075	157.200020	-0.034125	-0.006693	0.041109	0.331552	0.268106	0.489617	-0.165390	-0.007050	-0.009882	0.052459	0.244586	0.234670	0.553750
2021-07-29 06:20:36.000000 	289.000000	58.609717	-152.394075	157.200020	-0.042633	-0.015305	0.007113	0.366712	0.296550	0.541545	-0.195546	-0.034599	-0.006193	0.029444	0.270532	0.259562	0.612478
2021-07-29 06:20:37.000000 	290.000000	58.609717	-152.394075	157.200020	-0.043061	-0.006484	0.066722	0.297764	0.240804	0.439730	-0.132792	-0.000385	-0.014208	0.078397	0.219675	0.210765	0.497326
2021-07-29 06:20:38.000000 	291.000000	58.609717	-152.394075	157.200020	-0.020155	-0.002535	0.015768	0.307141	0.248397	0.453583	-0.165610	-0.008036	-0.007093	0.023375	0.226600	0.217407	0.512992
2021-07-29 06:20:39.000000 	292.000000	58.609717	-152.394075	157.200020	-0.032938	-0.010987	0.014675	0.326531	0.264090	0.482223	-0.172789	-0.021618	-0.005527	0.030382	0.240912	0.231137	0.545382
2021-07-29 06:20:40.000000 	293.000000	58.609717	-152.394075	157.200020	-0.049119	-0.012865	0.038960	0.331330	0.267982	0.489314	-0.161162	-0.021952	-0.011361	0.059035	0.244460	0.234539	0.553401
2021-07-29 06:20:41.000000 	294.000000	58.609717	-152.394075	157.200020	-0.043298	-0.025942	0.044987	0.269718	0.218159	0.398328	-0.123355	-0.019583	0.002925	0.064649	0.199008	0.190930	0.450497
2021-07-29 06:20:42.000000 	295.000000	58.609717	-152.394075	157.200020	-0.032947	-0.000939	0.032662	0.344938	0.279011	0.509421	-0.177356	-0.008282	-0.014436	0.043316	0.254516	0.244183	0.576139
2021-07-29 06:20:43.000000 	296.000000	58.609717	-152.394075	157.200020	-0.032484	-0.021617	0.012791	0.299168	0.241999	0.441830	-0.156624	-0.026461	0.004103	0.031130	0.220751	0.211787	0.499694
2021-07-29 06:20:44.000000 	297.000000	58.609717	-152.394075	157.200020	-0.048146	-0.016917	0.027867	0.295944	0.239402	0.437074	-0.144767	-0.028597	-0.007319	0.050095	0.218379	0.209510	0.494314
2021-07-29 06:20:45.000000 	298.000000	58.609717	-152.394075	157.200020	-0.030531	-0.004795	0.018879	0.390232	0.315688	0.576331	-0.209374	-0.015158	-0.009899	0.031365	0.287964	0.276265	0.651807
2021-07-29 06:20:46.000000 	299.000000	58.609717	-152.394075	157.200020	-0.039817	-0.022030	0.048736	0.344464	0.278675	0.508742	-0.166791	-0.013449	0.001071	0.065298	0.254198	0.243870	0.575365
2021-07-29 06:20:47.000000 	300.000000	58.609717	-152.394075	157.200020	-0.030897	-0.013280	0.003166	0.339991	0.275067	0.502141	-0.185351	-0.026977	-0.002549	0.020169	0.250905	0.240708	0.567898
2021-07-29 06:20:48.000000 	301.000000	58.609717	-152.394075	157.200020	-0.034913	-0.020610	0.019231	0.217840	0.176250	0.321737	-0.106295	-0.024546	0.002086	0.037505	0.160766	0.154231	0.363868
2021-07-29 06:20:49.000000 	302.000000	58.609717	-152.394075	157.200020	-0.025735	-0.003596	0.033858	0.335167	0.271187	0.495026	-0.173071	-0.003254	-0.008738	0.041649	0.247360	0.237303	0.559848
2021-07-29 06:20:50.000000 	303.000000	58.609717	-152.394075	157.200020	-0.035212	-0.036140	0.035061	0.309336	0.250297	0.456879	-0.151358	-0.022670	0.015709	0.054905	0.228303	0.219019	0.516705
2021-07-29 06:20:51.000000 	304.000000	58.609717	-152.394075	157.200020	-0.035372	-0.009988	0.030717	0.323577	0.261831	0.477917	-0.164319	-0.014709	-0.007541	0.044958	0.238821	0.229108	0.540496
2021-07-29 06:20:52.000000 	305.000000	58.609717	-152.394075	157.200020	-0.028083	0.001642	0.018535	0.299984	0.242751	0.443076	-0.158523	-0.010940	-0.014468	0.028388	0.221415	0.212408	0.501092
2021-07-29 06:20:53.000000 	306.000000	58.609717	-152.394075	157.200020	-0.036004	-0.016048	0.031245	0.330584	0.267523	0.488277	-0.167409	-0.017309	-0.002463	0.047164	0.244008	0.234080	0.552209
2021-07-29 06:20:54.000000 	307.000000	58.609717	-152.394075	157.200020	-0.040034	-0.004659	0.038952	0.353489	0.286071	0.522112	-0.177539	-0.011838	-0.014422	0.052853	0.260923	0.250304	0.590474
2021-07-29 06:20:55.000000 	308.000000	58.609717	-152.394075	157.200020	-0.031407	-0.005577	0.038351	0.337571	0.273200	0.498606	-0.170952	-0.005988	-0.009612	0.048581	0.249181	0.239038	0.563888
2021-07-29 06:20:56.000000 	309.000000	58.609717	-152.394075	157.200020	-0.034885	-0.020336	0.037273	0.349025	0.282483	0.515530	-0.175618	-0.015019	0.001856	0.052828	0.257645	0.247155	0.583027
2021-07-29 06:20:57.000000 	310.000000	58.609717	-152.394075	157.200020	-0.035191	-0.008635	0.029404	0.256796	0.207846	0.379306	-0.126287	-0.014721	-0.008655	0.043427	0.189569	0.181849	0.428966
2021-07-29 06:20:58.000000 	311.000000	58.609717	-152.394075	157.200020	-0.046005	-0.008978	0.025811	0.368031	0.297890	0.543613	-0.188963	-0.024908	-0.013362	0.045435	0.271691	0.260625	0.614783
2021-07-29 06:20:59.000000 	312.000000	58.609717	-152.394075	157.200020	-0.029498	-0.010831	0.032345	0.294212	0.238149	0.434580	-0.148305	-0.009751	-0.004071	0.043840	0.217203	0.208354	0.491474
2021-07-29 06:21:00.000000 	313.000000	58.609717	-152.394075	157.200020	-0.044797	-0.011506	0.033464	0.329054	0.266363	0.486050	-0.163527	-0.021008	-0.010563	0.052020	0.242933	0.233034	0.549681
2021-07-29 06:21:01.000000 	314.000000	58.609717	-152.394075	157.200020	-0.033933	-0.019143	0.011853	0.363037	0.293884	0.536252	-0.193994	-0.027067	0.001239	0.030401	0.268030	0.257106	0.606453
2021-07-29 06:21:02.000000 	315.000000	58.609717	-152.394075	157.200020	-0.047856	-0.017502	0.047666	0.336311	0.272261	0.496780	-0.160706	-0.018297	-0.006667	0.067002	0.248306	0.238184	0.561812
2021-07-29 06:21:03.000000 	316.000000	58.609717	-152.394075	157.200020	-0.025486	-0.020280	0.013910	0.254774	0.206261	0.376342	-0.132736	-0.020056	0.006161	0.028532	0.188112	0.180442	0.425607
2021-07-29 06:21:04.000000 	317.000000	58.609717	-152.394075	157.200020	-0.027599	-0.011475	0.022610	0.334467	0.270791	0.494065	-0.175957	-0.013640	-0.002621	0.034809	0.246961	0.236889	0.558740
2021-07-29 06:21:05.000000 	318.000000	58.609717	-152.394075	157.200020	-0.036080	-0.005005	0.039849	0.330940	0.267947	0.488860	-0.165284	-0.008517	-0.012284	0.051877	0.244364	0.234397	0.552851
2021-07-29 06:21:06.000000 	319.000000	58.609717	-152.394075	157.200020	-0.040116	-0.025068	0.041395	0.304318	0.246403	0.449539	-0.146066	-0.018701	0.003625	0.059903	0.224714	0.215546	0.508382
2021-07-29 06:21:07.000000 	320.000000	58.609717	-152.394075	157.200020	-0.030306	-0.017762	0.031294	0.356823	0.288927	0.527104	-0.184117	-0.013651	0.001697	0.044989	0.263493	0.252741	0.596099
2021-07-29 06:21:08.000000 	321.000000	58.609717	-152.394075	157.200020	-0.040769	-0.013179	0.027588	0.261533	0.211777	0.386343	-0.127647	-0.021683	-0.007214	0.045549	0.193133	0.185250	0.436912
2021-07-29 06:21:09.000000 	322.000000	58.609717	-152.394075	157.200020	-0.024099	-0.006992	0.026056	0.344184	0.278717	0.508444	-0.181663	-0.007424	-0.004971	0.035054	0.254177	0.243800	0.574993
2021-07-29 06:21:10.000000 	323.000000	58.609717	-152.394075	157.200020	-0.034746	-0.002947	0.019373	0.310210	0.251216	0.458260	-0.161872	-0.017359	-0.013489	0.033286	0.229094	0.219740	0.518239
2021-07-29 06:21:11.000000 	324.000000	58.609717	-152.394075	157.200020	-0.032279	0.002605	0.038195	0.321380	0.260272	0.474765	-0.162099	-0.003493	-0.017266	0.046875	0.237351	0.227657	0.536903
2021-07-29 06:21:12.000000 	325.000000	58.609717	-152.394075	157.200020	-0.043697	-0.005040	0.017612	0.310115	0.251160	0.458128	-0.159552	-0.025875	-0.015782	0.036420	0.229039	0.219683	0.518088
2021-07-29 06:21:13.000000 	326.000000	58.609717	-152.394075	157.200020	-0.043417	-0.026614	0.053349	0.249234	0.201861	0.368193	-0.108102	-0.015583	0.003466	0.072004	0.184080	0.176559	0.416381
2021-07-29 06:21:14.000000 	327.000000	58.609717	-152.394075	157.200020	-0.029061	-0.014873	0.027892	0.365689	0.296193	0.540236	-0.191280	-0.013338	-0.000287	0.040813	0.270101	0.259063	0.610938
2021-07-29 06:21:15.000000 	328.000000	58.609717	-152.394075	157.200020	-0.042461	-0.007975	0.038875	0.354839	0.287417	0.524212	-0.177486	-0.015026	-0.012608	0.054709	0.262095	0.251383	0.592816
2021-07-29 06:21:16.000000 	329.000000	58.609717	-152.394075	157.200020	-0.030899	-0.011996	0.024859	0.254211	0.205918	0.375556	-0.127600	-0.015171	-0.003688	0.038378	0.187775	0.180098	0.424704
2021-07-29 06:21:17.000000 	330.000000	58.609717	-152.394075	157.200020	-0.035935	-0.014433	0.023015	0.330844	0.268004	0.488773	-0.171065	-0.020905	-0.003862	0.039717	0.244388	0.234395	0.552736
2021-07-29 06:21:18.000000 	331.000000	58.609717	-152.394075	157.200020	-0.043046	-0.017656	0.040813	0.368995	0.298922	0.545142	-0.183885	-0.018289	-0.004301	0.058970	0.272578	0.261430	0.616479
