2021-07-29 06:12:43.000000 	-184.000000	56.930354	-158.618549	39.304961	-0.032149	-0.013790	0.013395	0.246013	0.197853	0.362895	-0.126359	-0.021991	0.001120	0.030303	0.180037	0.175780	0.409938
2021-07-29 06:12:44.000000 	-183.000000	56.930354	-158.618549	39.304961	-0.035474	-0.021281	0.021758	0.337628	0.271543	0.498051	-0.174368	-0.022311	0.006883	0.040491	0.247085	0.241243	0.562614
2021-07-29 06:12:45.000000 	-182.000000	56.930354	-158.618549	39.304961	-0.031148	-0.004274	0.001294	0.314405	0.252873	0.463805	-0.171889	-0.024905	-0.007376	0.017761	0.230091	0.224652	0.523927
2021-07-29 06:12:46.000000 	-181.000000	56.930354	-158.618549	39.304961	-0.036168	-0.022583	0.029125	0.333070	0.267892	0.491351	-0.168507	-0.019230	0.007843	0.047277	0.243752	0.237990	0.555043
2021-07-29 06:12:47.000000 	-180.000000	56.930354	-158.618549	39.304961	-0.023736	-0.003232	-0.002700	0.290208	0.233425	0.428130	-0.161678	-0.020982	-0.005644	0.010440	0.212385	0.207366	0.483627
2021-07-29 06:12:48.000000 	-179.000000	56.930354	-158.618549	39.304961	-0.033405	-0.019803	0.014157	0.343848	0.276577	0.507275	-0.181667	-0.024392	0.006261	0.032777	0.251642	0.245696	0.573030
2021-07-29 06:12:49.000000 	-178.000000	56.930354	-158.618549	39.304961	-0.044710	-0.018076	0.035887	0.313433	0.252120	0.462415	-0.152555	-0.020829	0.000532	0.056387	0.229384	0.223965	0.522355
2021-07-29 06:12:50.000000 	-177.000000	56.930354	-158.618549	39.304961	-0.030008	-0.003237	-0.005619	0.327979	0.263829	0.483887	-0.182790	-0.027472	-0.007926	0.011182	0.240032	0.234361	0.546610
2021-07-29 06:12:51.000000 	-176.000000	56.930354	-158.618549	39.304961	-0.031403	-0.021161	0.030568	0.319675	0.257157	0.471648	-0.161687	-0.014290	0.008256	0.045782	0.233956	0.228430	0.532783
2021-07-29 06:12:52.000000 	-175.000000	56.930354	-158.618549	39.304961	-0.030540	-0.007892	0.024996	0.261342	0.210238	0.385592	-0.131861	-0.012604	-0.003786	0.038034	0.191265	0.186748	0.435572
2021-07-29 06:12:53.000000 	-174.000000	56.930354	-158.618549	39.304961	-0.043423	-0.010730	0.001835	0.366277	0.294663	0.540430	-0.197388	-0.036161	-0.005840	0.025735	0.268065	0.261735	0.610480
2021-07-29 06:12:54.000000 	-173.000000	56.930354	-158.618549	39.304961	-0.032482	-0.019464	0.028735	0.276433	0.222391	0.407877	-0.137285	-0.015614	0.006282	0.044456	0.202312	0.197536	0.460745
2021-07-29 06:12:55.000000 	-172.000000	56.930354	-158.618549	39.304961	-0.028116	-0.008899	0.009476	0.352444	0.283551	0.520045	-0.191182	-0.019488	-0.001964	0.023997	0.257944	0.251855	0.587451
2021-07-29 06:12:56.000000 	-171.000000	56.930354	-158.618549	39.304961	-0.022769	-0.003709	0.000300	0.340610	0.274038	0.502596	-0.189911	-0.018737	-0.004848	0.012559	0.249285	0.243401	0.567739
2021-07-29 06:12:57.000000 	-170.000000	56.930354	-158.618549	39.304961	-0.046130	-0.014118	0.023870	0.272569	0.219303	0.402206	-0.133475	-0.027285	-0.003672	0.046251	0.199489	0.194781	0.454337
2021-07-29 06:12:58.000000 	-169.000000	56.930354	-158.618549	39.304961	-0.031923	-0.011453	0.015226	0.374650	0.301443	0.552850	-0.200452	-0.020101	-0.000973	0.031258	0.274201	0.267731	0.624506
2021-07-29 06:12:59.000000 	-168.000000	56.930354	-158.618549	39.304961	-0.031345	-0.020090	0.006928	0.275089	0.221343	0.405944	-0.145135	-0.026817	0.007279	0.025729	0.201336	0.196585	0.458558
2021-07-29 06:13:00.000000 	-167.000000	56.930354	-158.618549	39.304961	-0.026898	-0.008316	0.028542	0.350367	0.281922	0.517042	-0.182896	-0.007956	-0.002063	0.039239	0.256432	0.250383	0.584055
2021-07-29 06:13:01.000000 	-166.000000	56.930354	-158.618549	39.304961	-0.038504	-0.021611	0.021832	0.270953	0.218028	0.399859	-0.134770	-0.024735	0.006086	0.042158	0.198311	0.193633	0.451684
2021-07-29 06:13:02.000000 	-165.000000	56.930354	-158.618549	39.304961	-0.036716	-0.009179	0.014497	0.358102	0.288163	0.528483	-0.190034	-0.023544	-0.004838	0.032630	0.262097	0.255916	0.596977
2021-07-29 06:13:03.000000 	-164.000000	56.930354	-158.618549	39.304961	-0.017697	-0.006694	-0.020600	0.277212	0.223078	0.409115	-0.162202	-0.027096	-0.000219	-0.006940	0.202894	0.198110	0.462138
2021-07-29 06:13:04.000000 	-163.000000	56.930354	-158.618549	39.304961	-0.041011	-0.009765	0.029220	0.307737	0.247650	0.454177	-0.153845	-0.019041	-0.005859	0.047267	0.225238	0.219927	0.513039
2021-07-29 06:13:05.000000 	-162.000000	56.930354	-158.618549	39.304961	-0.038686	-0.018374	0.034555	0.326607	0.262843	0.482037	-0.162434	-0.016947	0.003006	0.052269	0.239051	0.233415	0.544509
2021-07-29 06:13:06.000000 	-161.000000	56.930354	-158.618549	39.304961	-0.022708	-0.009295	0.001000	0.291016	0.234207	0.429519	-0.160413	-0.020014	0.000377	0.014225	0.213002	0.207981	0.485184
2021-07-29 06:13:07.000000 	-160.000000	56.930354	-158.618549	39.304961	-0.048720	-0.023604	0.024791	0.330699	0.266152	0.488099	-0.165026	-0.031702	0.004217	0.050225	0.242049	0.236344	0.551356
2021-07-29 06:13:08.000000 	-159.000000	56.930354	-158.618549	39.304961	-0.027914	-0.007738	0.025745	0.313175	0.252056	0.462245	-0.162309	-0.010098	-0.002971	0.037297	0.229224	0.223822	0.522151
2021-07-29 06:13:09.000000 	-158.000000	56.930354	-158.618549	39.304961	-0.025880	-0.019503	0.001022	0.340312	0.273905	0.502312	-0.186811	-0.025596	0.008726	0.017886	0.249089	0.243219	0.567409
2021-07-29 06:13:10.000000 	-157.000000	56.930354	-158.618549	39.304961	-0.027351	-0.005049	0.013743	0.289688	0.233167	0.427599	-0.153873	-0.015386	-0.005270	0.026418	0.212036	0.207040	0.483013
2021-07-29 06:13:11.000000 	-156.000000	56.930354	-158.618549	39.304961	-0.038217	-0.017024	0.008352	0.301761	0.242891	0.445430	-0.158412	-0.030466	0.001919	0.029804	0.220874	0.215671	0.503154
2021-07-29 06:13:12.000000 	-155.000000	56.930354	-158.618549	39.304961	-0.040718	-0.005269	0.029834	0.301364	0.242579	0.444855	-0.150431	-0.017104	-0.009938	0.046738	0.220586	0.215390	0.502504
2021-07-29 06:13:13.000000 	-154.000000	56.930354	-158.618549	39.304961	-0.031960	-0.023299	0.005735	0.381449	0.307052	0.563085	-0.206643	-0.028928	0.010044	0.025679	0.279206	0.272630	0.636054
2021-07-29 06:13:14.000000 	-153.000000	56.930354	-158.618549	39.304961	-0.032227	-0.010356	0.025595	0.265451	0.213684	0.391860	-0.133282	-0.014346	-0.002106	0.039883	0.194301	0.189726	0.442641
2021-07-29 06:13:15.000000 	-152.000000	56.930354	-158.618549	39.304961	-0.039074	-0.013681	0.011854	0.342544	0.275752	0.505679	-0.180874	-0.028202	-0.001506	0.032509	0.250733	0.244829	0.571207
2021-07-29 06:13:16.000000 	-151.000000	56.930354	-158.618549	39.304961	-0.026247	-0.006578	0.012935	0.298848	0.240583	0.441183	-0.159650	-0.015432	-0.003444	0.025484	0.218751	0.213600	0.498353
2021-07-29 06:13:17.000000 	-150.000000	56.930354	-158.618549	39.304961	-0.035074	-0.014334	0.036471	0.291456	0.234640	0.430280	-0.142797	-0.011848	0.000560	0.051235	0.213341	0.208319	0.486037
2021-07-29 06:13:18.000000 	-149.000000	56.930354	-158.618549	39.304961	-0.022961	-0.015635	-0.022994	0.337823	0.271976	0.498744	-0.195608	-0.035241	0.006187	-0.004493	0.247283	0.241462	0.563372
2021-07-29 06:13:19.000000 	-148.000000	56.930354	-158.618549	39.304961	-0.035357	-0.017728	0.023468	0.379103	0.305219	0.559701	-0.198188	-0.020201	0.003618	0.041158	0.277501	0.270971	0.632227
2021-07-29 06:13:20.000000 	-147.000000	56.930354	-158.618549	39.304961	-0.042499	-0.007398	0.037234	0.260236	0.209525	0.384217	-0.122918	-0.015106	-0.008605	0.054268	0.190493	0.186010	0.434003
2021-07-29 06:13:21.000000 	-146.000000	56.930354	-158.618549	39.304961	-0.025860	-0.013002	-0.003896	0.271098	0.218277	0.400263	-0.149386	-0.026277	0.002679	0.012461	0.198445	0.193776	0.452128
2021-07-29 06:13:22.000000 	-145.000000	56.930354	-158.618549	39.304961	-0.033332	-0.012532	0.015315	0.362627	0.291981	0.535413	-0.192976	-0.021482	-0.000482	0.032263	0.265447	0.259202	0.604789
2021-07-29 06:13:23.000000 	-144.000000	56.930354	-158.618549	39.304961	-0.045161	-0.016555	0.035413	0.305361	0.245879	0.450872	-0.148120	-0.020975	-0.001049	0.055916	0.223530	0.218272	0.509293
2021-07-29 06:13:24.000000 	-143.000000	56.930354	-158.618549	39.304961	-0.030681	-0.010239	0.005148	0.335051	0.269794	0.494721	-0.181932	-0.024260	-0.001651	0.021940	0.245265	0.239497	0.558824
2021-07-29 06:13:25.000000 	-142.000000	56.930354	-158.618549	39.304961	-0.027636	-0.011197	0.016119	0.318993	0.256871	0.471022	-0.169190	-0.016190	0.000351	0.029777	0.233512	0.228021	0.532052
2021-07-29 06:13:26.000000 	-141.000000	56.930354	-158.618549	39.304961	-0.044768	-0.016854	0.020678	0.304698	0.245367	0.449924	-0.153506	-0.028800	-0.000628	0.043428	0.223049	0.217804	0.508220
2021-07-29 06:13:27.000000 	-140.000000	56.930354	-158.618549	39.304961	-0.021005	-0.009553	0.007432	0.287182	0.231269	0.424070	-0.156203	-0.015254	0.001238	0.018801	0.210229	0.205286	0.479015
2021-07-29 06:13:28.000000 	-139.000000	56.930354	-158.618549	39.304961	-0.041050	-0.014249	0.015408	0.303834	0.244686	0.448669	-0.156435	-0.027979	-0.001697	0.036604	0.222420	0.217192	0.506801
2021-07-29 06:13:29.000000 	-138.000000	56.930354	-158.618549	39.304961	-0.031275	-0.007929	0.026961	0.313737	0.252669	0.463304	-0.161218	-0.012116	-0.004019	0.040061	0.229672	0.224273	0.523331
2021-07-29 06:13:30.000000 	-137.000000	56.930354	-158.618549	39.304961	-0.028932	-0.020845	0.013509	0.302426	0.243567	0.446610	-0.159113	-0.021574	0.008862	0.030168	0.221393	0.216190	0.504474
2021-07-29 06:13:31.000000 	-136.000000	56.930354	-158.618549	39.304961	-0.039976	-0.016041	0.009354	0.341151	0.274764	0.503810	-0.180495	-0.030991	0.000363	0.031342	0.249744	0.243875	0.569084
2021-07-29 06:13:32.000000 	-135.000000	56.930354	-158.618549	39.304961	-0.029578	-0.012661	0.017827	0.274314	0.220940	0.405115	-0.141975	-0.017221	0.001006	0.032486	0.200817	0.196098	0.457602
2021-07-29 06:13:33.000000 	-134.000000	56.930354	-158.618549	39.304961	-0.038256	-0.011821	0.019465	0.340087	0.273924	0.502262	-0.177000	-0.022842	-0.002939	0.038102	0.248969	0.243120	0.567333
2021-07-29 06:13:34.000000 	-133.000000	56.930354	-158.618549	39.304961	-0.028475	-0.005910	0.002639	0.285464	0.229935	0.421601	-0.155290	-0.022585	-0.004878	0.017856	0.208983	0.204074	0.476222
2021-07-29 06:13:35.000000 	-132.000000	56.930354	-158.618549	39.304961	-0.031787	-0.020405	0.025533	0.285272	0.229788	0.421328	-0.143776	-0.017106	0.007412	0.041607	0.208844	0.203939	0.475913
2021-07-29 06:13:36.000000 	-131.000000	56.930354	-158.618549	39.304961	-0.034138	-0.014082	0.019575	0.338544	0.272707	0.500018	-0.177012	-0.020260	0.000667	0.036552	0.247846	0.242025	0.564797
2021-07-29 06:13:37.000000 	-130.000000	56.930354	-158.618549	39.304961	-0.033292	-0.010874	0.009323	0.357714	0.288157	0.528343	-0.192646	-0.024214	-0.002012	0.026892	0.261882	0.255732	0.596790
2021-07-29 06:13:38.000000 	-129.000000	56.930354	-158.618549	39.304961	-0.039339	-0.023319	0.024291	0.273364	0.220216	0.403768	-0.134792	-0.024567	0.007371	0.044984	0.200131	0.195433	0.456076
2021-07-29 06:13:39.000000 	-128.000000	56.930354	-158.618549	39.304961	-0.030870	-0.009326	0.009813	0.291548	0.234871	0.430636	-0.155031	-0.021584	-0.002571	0.025764	0.213445	0.208435	0.486424
2021-07-29 06:13:40.000000 	-127.000000	56.930354	-158.618549	39.304961	-0.032238	-0.004970	0.020036	0.336968	0.271470	0.497736	-0.177407	-0.015742	-0.007125	0.034159	0.246700	0.240909	0.562215
2021-07-29 06:13:41.000000 	-126.000000	56.930354	-158.618549	39.304961	-0.033403	-0.020516	0.007953	0.280046	0.225620	0.413666	-0.146999	-0.027994	0.006926	0.027719	0.205029	0.200217	0.467255
2021-07-29 06:13:42.000000 	-125.000000	56.930354	-158.618549	39.304961	-0.038385	-0.004703	0.020233	0.375237	0.302320	0.554289	-0.197734	-0.020350	-0.009615	0.037395	0.274723	0.268276	0.626093
2021-07-29 06:13:43.000000 	-124.000000	56.930354	-158.618549	39.304961	-0.026987	-0.012611	0.020791	0.243613	0.196280	0.359866	-0.123803	-0.013566	0.001904	0.033644	0.178358	0.174173	0.406484
2021-07-29 06:13:44.000000 	-123.000000	56.930354	-158.618549	39.304961	-0.042354	-0.021242	0.027514	0.390267	0.314449	0.576517	-0.200723	-0.024527	0.004339	0.048802	0.285731	0.279028	0.651199
2021-07-29 06:13:45.000000 	-122.000000	56.930354	-158.618549	39.304961	-0.020963	-0.004435	-0.002187	0.292858	0.235971	0.432631	-0.163745	-0.018906	-0.003512	0.009701	0.214416	0.209386	0.488673
2021-07-29 06:13:46.000000 	-121.000000	56.930354	-158.618549	39.304961	-0.037109	-0.017487	0.016503	0.316476	0.255009	0.467531	-0.164178	-0.025295	0.002755	0.036163	0.231710	0.226275	0.528094
2021-07-29 06:13:47.000000 	-120.000000	56.930354	-158.618549	39.304961	-0.034353	-0.009305	0.012181	0.289127	0.232979	0.427138	-0.151704	-0.023002	-0.003859	0.029514	0.211688	0.206723	0.482467
2021-07-29 06:13:48.000000 	-119.000000	56.930354	-158.618549	39.304961	-0.041142	-0.021925	0.036623	0.296710	0.239097	0.438350	-0.143211	-0.018820	0.005416	0.055956	0.217241	0.212147	0.495131
2021-07-29 06:13:49.000000 	-118.000000	56.930354	-158.618549	39.304961	-0.025766	0.000725	0.006582	0.372368	0.300074	0.550139	-0.205484	-0.016293	-0.010069	0.018464	0.272639	0.266246	0.621399
2021-07-29 06:13:50.000000 	-117.000000	56.930354	-158.618549	39.304961	-0.028757	-0.018252	0.019886	0.264600	0.213236	0.390931	-0.135142	-0.017166	0.006512	0.034907	0.193736	0.189193	0.441568
2021-07-29 06:13:51.000000 	-116.000000	56.930354	-158.618549	39.304961	-0.037519	-0.008817	0.013403	0.345366	0.278331	0.510269	-0.182938	-0.024657	-0.005468	0.032049	0.252873	0.246945	0.576362
2021-07-29 06:13:52.000000 	-115.000000	56.930354	-158.618549	39.304961	-0.035478	-0.009440	0.025453	0.333145	0.268491	0.492224	-0.171726	-0.016680	-0.004144	0.041234	0.243927	0.238210	0.555980
2021-07-29 06:13:53.000000 	-114.000000	56.930354	-158.618549	39.304961	-0.033487	-0.020095	0.014301	0.298715	0.240750	0.441363	-0.155474	-0.024467	0.006503	0.032997	0.218720	0.213594	0.498530
2021-07-29 06:13:54.000000 	-113.000000	56.930354	-158.618549	39.304961	-0.042914	-0.004649	0.008180	0.333617	0.268888	0.492943	-0.176894	-0.030444	-0.011317	0.029584	0.244277	0.238553	0.556790
2021-07-29 06:13:55.000000 	-112.000000	56.930354	-158.618549	39.304961	-0.020825	-0.015234	0.011953	0.316245	0.254895	0.467286	-0.170674	-0.014382	0.006593	0.023628	0.231560	0.226134	0.527809
2021-07-29 06:13:56.000000 	-111.000000	56.930354	-158.618549	39.304961	-0.037818	-0.018837	0.035420	0.332134	0.267710	0.490774	-0.165542	-0.015938	0.003753	0.052645	0.243196	0.237498	0.554339
2021-07-29 06:13:57.000000 	-110.000000	56.930354	-158.618549	39.304961	-0.046598	-0.015751	0.020574	0.279095	0.224965	0.412410	-0.138245	-0.029948	-0.002322	0.044051	0.204361	0.199574	0.465824
2021-07-29 06:13:58.000000 	-109.000000	56.930354	-158.618549	39.304961	-0.027606	-0.006807	0.011613	0.300205	0.241989	0.443614	-0.160581	-0.017285	-0.003726	0.025113	0.219820	0.214672	0.501069
2021-07-29 06:13:59.000000 	-108.000000	56.930354	-158.618549	39.304961	-0.039804	-0.022013	0.024663	0.335107	0.270132	0.495201	-0.170533	-0.024328	0.005986	0.045271	0.245380	0.239633	0.559336
2021-07-29 06:14:00.000000 	-107.000000	56.930354	-158.618549	39.304961	-0.028021	-0.016510	-0.000434	0.380605	0.306817	0.562447	-0.210505	-0.027147	0.005158	0.017158	0.278698	0.272171	0.635290
2021-07-29 06:14:01.000000 	-106.000000	56.930354	-158.618549	39.304961	-0.034568	-0.008956	0.024090	0.322405	0.259908	0.476451	-0.166365	-0.016565	-0.004263	0.039534	0.236083	0.230555	0.538157
2021-07-29 06:14:02.000000 	-105.000000	56.930354	-158.618549	39.304961	-0.030072	-0.019692	0.018576	0.306840	0.247368	0.453459	-0.159578	-0.019346	0.007373	0.034764	0.224687	0.219427	0.512186
2021-07-29 06:14:03.000000 	-104.000000	56.930354	-158.618549	39.304961	-0.035391	-0.003682	0.013760	0.306691	0.247256	0.453249	-0.161545	-0.021233	-0.009474	0.030246	0.224580	0.219323	0.511948
2021-07-29 06:14:04.000000 	-103.000000	56.930354	-158.618549	39.304961	-0.042360	-0.019381	0.020286	0.341411	0.275256	0.504573	-0.175443	-0.027907	0.002604	0.042378	0.250007	0.244156	0.569917
2021-07-29 06:14:05.000000 	-102.000000	56.930354	-158.618549	39.304961	-0.026396	-0.010882	0.010201	0.316991	0.255576	0.468493	-0.170756	-0.018356	0.000510	0.024125	0.232127	0.226695	0.529164
2021-07-29 06:14:06.000000 	-101.000000	56.930354	-158.618549	39.304961	-0.033629	-0.010700	0.030436	0.316849	0.255470	0.468293	-0.160744	-0.012903	-0.002297	0.044722	0.232026	0.226596	0.528938
2021-07-29 06:14:07.000000 	-100.000000	56.930354	-158.618549	39.304961	-0.028330	-0.010336	0.007266	0.335702	0.270679	0.496168	-0.182220	-0.021299	-0.000704	0.022540	0.245834	0.240082	0.560421
2021-07-29 06:14:08.000000 	-99.000000	56.930354	-158.618549	39.304961	-0.026748	-0.013431	0.002736	0.285472	0.230185	0.421937	-0.154974	-0.023483	0.002755	0.018556	0.209053	0.204162	0.476577
2021-07-29 06:14:09.000000 	-98.000000	56.930354	-158.618549	39.304961	-0.025266	-0.015739	0.018102	0.311951	0.251544	0.461085	-0.164541	-0.014647	0.005444	0.031138	0.228446	0.223102	0.520793
2021-07-29 06:14:10.000000 	-97.000000	56.930354	-158.618549	39.304961	-0.049944	-0.012876	0.035831	0.373995	0.301584	0.552802	-0.186798	-0.023355	-0.006219	0.057964	0.273884	0.267478	0.624387
2021-07-29 06:14:11.000000 	-96.000000	56.930354	-158.618549	39.304961	-0.025378	-0.003561	0.019411	0.276432	0.222918	0.408604	-0.144753	-0.010299	-0.005937	0.029870	0.202439	0.197704	0.461514
2021-07-29 06:14:12.000000 	-95.000000	56.930354	-158.618549	39.304961	-0.034892	-0.020426	0.008141	0.346167	0.279161	0.511692	-0.184894	-0.029026	0.006300	0.028614	0.253510	0.247581	0.577950
2021-07-29 06:14:13.000000 	-94.000000	56.930354	-158.618549	39.304961	-0.037068	-0.023385	0.020964	0.307545	0.248023	0.454612	-0.156615	-0.024631	0.008262	0.041054	0.225228	0.219962	0.513479
2021-07-29 06:14:14.000000 	-93.000000	56.930354	-158.618549	39.304961	-0.022108	-0.004629	0.009630	0.306099	0.246865	0.452485	-0.166550	-0.013411	-0.003749	0.020224	0.224171	0.218930	0.511075
2021-07-29 06:14:15.000000 	-92.000000	56.930354	-158.618549	39.304961	-0.037645	-0.011991	0.012888	0.325721	0.262698	0.481502	-0.171416	-0.026007	-0.002559	0.032313	0.238544	0.232968	0.543849
2021-07-29 06:14:16.000000 	-91.000000	56.930354	-158.618549	39.304961	-0.037432	-0.011142	0.029903	0.317698	0.256236	0.469652	-0.160334	-0.016296	-0.003272	0.046295	0.232671	0.227232	0.530464
2021-07-29 06:14:17.000000 	-90.000000	56.930354	-158.618549	39.304961	-0.040416	-0.010687	0.019705	0.317686	0.256234	0.469644	-0.163465	-0.024051	-0.004783	0.039175	0.232664	0.227226	0.530454
2021-07-29 06:14:18.000000 	-89.000000	56.930354	-158.618549	39.304961	-0.020376	-0.021175	0.004685	0.335790	0.270844	0.496418	-0.184198	-0.019813	0.012289	0.018491	0.245925	0.240178	0.560694
2021-07-29 06:14:19.000000 	-88.000000	56.930354	-158.618549	39.304961	-0.037599	-0.017060	0.030172	0.320676	0.258662	0.474085	-0.161271	-0.018088	0.002178	0.047782	0.234859	0.229371	0.535468
2021-07-29 06:14:20.000000 	-87.000000	56.930354	-158.618549	39.304961	-0.028266	-0.007622	0.007120	0.308102	0.248527	0.455505	-0.166633	-0.020501	-0.003208	0.021845	0.225652	0.220380	0.514482
2021-07-29 06:14:21.000000 	-86.000000	56.930354	-158.618549	39.304961	-0.038106	-0.012757	0.015735	0.323857	0.261244	0.478808	-0.169038	-0.025046	-0.002014	0.035085	0.237193	0.231652	0.540801
2021-07-29 06:14:22.000000 	-85.000000	56.930354	-158.618549	39.304961	-0.029736	-0.014149	0.028618	0.334424	0.269777	0.494443	-0.172371	-0.011911	0.002334	0.041905	0.244936	0.239214	0.558459
2021-07-29 06:14:23.000000 	-84.000000	56.930354	-158.618549	39.304961	-0.035309	-0.005911	0.017215	0.319036	0.257372	0.471702	-0.167207	-0.019965	-0.007369	0.033542	0.233668	0.228210	0.532773
2021-07-29 06:14:24.000000 	-83.000000	56.930354	-158.618549	39.304961	-0.030855	-0.011128	0.000561	0.372410	0.300439	0.550628	-0.205232	-0.027171	-0.000887	0.018361	0.272762	0.266392	0.621917
2021-07-29 06:14:25.000000 	-82.000000	56.930354	-158.618549	39.304961	-0.026397	-0.015471	0.017829	0.260566	0.210217	0.385270	-0.134653	-0.015596	0.004782	0.031431	0.190847	0.186391	0.435149
2021-07-29 06:14:26.000000 	-81.000000	56.930354	-158.618549	39.304961	-0.043361	-0.010144	0.026291	0.345383	0.278654	0.510690	-0.176174	-0.022589	-0.006363	0.046082	0.252973	0.247066	0.576806
2021-07-29 06:14:27.000000 	-80.000000	56.930354	-158.618549	39.304961	-0.036977	-0.015459	0.020977	0.317911	0.256497	0.470079	-0.163620	-0.022131	0.000914	0.039442	0.232853	0.227417	0.530936
2021-07-29 06:14:28.000000 	-79.000000	56.930354	-158.618549	39.304961	-0.024732	-0.006477	0.012744	0.362845	0.292760	0.536532	-0.197240	-0.014325	-0.002985	0.024534	0.265768	0.259564	0.605992
2021-07-29 06:14:29.000000 	-78.000000	56.930354	-158.618549	39.304961	-0.031260	-0.013533	0.022185	0.301304	0.243114	0.445543	-0.155395	-0.016422	0.001205	0.037166	0.220695	0.215544	0.503222
2021-07-29 06:14:30.000000 	-77.000000	56.930354	-158.618549	39.304961	-0.029385	-0.011605	0.021970	0.293504	0.236828	0.434018	-0.151707	-0.014488	0.000093	0.035650	0.214983	0.209966	0.490204
2021-07-29 06:14:31.000000 	-76.000000	56.930354	-158.618549	39.304961	-0.043373	-0.015484	0.009021	0.344037	0.277612	0.508755	-0.181416	-0.033653	-0.001394	0.032678	0.252000	0.246120	0.574615
2021-07-29 06:14:32.000000 	-75.000000	56.930354	-158.618549	39.304961	-0.025289	-0.006342	0.023196	0.319389	0.257731	0.472316	-0.167878	-0.009015	-0.003314	0.033549	0.233949	0.228490	0.533458
2021-07-29 06:14:33.000000 	-74.000000	56.930354	-158.618549	39.304961	-0.035958	-0.013206	0.027375	0.327164	0.264014	0.483824	-0.167041	-0.017156	-0.000813	0.043838	0.239646	0.234055	0.546454
2021-07-29 06:14:34.000000 	-73.000000	56.930354	-158.618549	39.304961	-0.029966	-0.018959	0.008460	0.307743	0.248350	0.455114	-0.164147	-0.024559	0.006729	0.026087	0.225423	0.220165	0.514027
2021-07-29 06:14:35.000000 	-72.000000	56.930354	-158.618549	39.304961	-0.040507	-0.009735	0.020969	0.327052	0.263941	0.483680	-0.168508	-0.023141	-0.005703	0.040091	0.239570	0.233982	0.546290
2021-07-29 06:14:36.000000 	-71.000000	56.930354	-158.618549	39.304961	-0.031214	-0.009453	0.017645	0.302731	0.244321	0.447720	-0.158453	-0.017617	-0.002578	0.032527	0.221757	0.216585	0.505675
2021-07-29 06:14:37.000000 	-70.000000	56.930354	-158.618549	39.304961	-0.023711	-0.007042	0.012111	0.356231	0.287507	0.526854	-0.193904	-0.014045	-0.002087	0.023598	0.260949	0.254864	0.595051
2021-07-29 06:14:38.000000 	-69.000000	56.930354	-158.618549	39.304961	-0.051513	-0.020794	0.020669	0.338511	0.273215	0.500659	-0.170728	-0.035272	0.000582	0.047632	0.247972	0.242190	0.565464
2021-07-29 06:14:39.000000 	-68.000000	56.930354	-158.618549	39.304961	-0.023597	-0.004731	0.024083	0.282328	0.227877	0.417573	-0.146728	-0.006718	-0.004197	0.033112	0.206818	0.201996	0.471623
2021-07-29 06:14:40.000000 	-67.000000	56.930354	-158.618549	39.304961	-0.024812	-0.013352	0.002982	0.313037	0.252671	0.463003	-0.171454	-0.021814	0.003387	0.017762	0.229317	0.223971	0.522932
2021-07-29 06:14:41.000000 	-66.000000	56.930354	-158.618549	39.304961	-0.041200	-0.001188	0.015609	0.375088	0.302766	0.554792	-0.199031	-0.023995	-0.013915	0.034250	0.274776	0.268371	0.626601
2021-07-29 06:14:42.000000 	-65.000000	56.930354	-158.618549	39.304961	-0.037393	-0.024130	0.024931	0.305464	0.246575	0.451821	-0.153736	-0.022947	0.008836	0.044691	0.223774	0.218559	0.510301
2021-07-29 06:14:43.000000 	-64.000000	56.930354	-158.618549	39.304961	-0.027065	-0.006726	0.012499	0.292582	0.236183	0.432775	-0.156054	-0.016354	-0.003604	0.025564	0.214339	0.209344	0.488789
2021-07-29 06:14:44.000000 	-63.000000	56.930354	-158.618549	39.304961	-0.044774	-0.025444	0.029978	0.355112	0.286669	0.525278	-0.178293	-0.026354	0.007370	0.052933	0.260151	0.254088	0.593264
2021-07-29 06:14:45.000000 	-62.000000	56.930354	-158.618549	39.304961	-0.029663	-0.006583	0.010096	0.284559	0.229722	0.420926	-0.151600	-0.019649	-0.004685	0.024842	0.208467	0.203609	0.475404
2021-07-29 06:14:46.000000 	-61.000000	56.930354	-158.618549	39.304961	-0.041245	-0.014953	0.031897	0.346309	0.279581	0.512279	-0.174678	-0.019348	-0.001114	0.050661	0.253707	0.247797	0.578580
2021-07-29 06:14:47.000000 	-60.000000	56.930354	-158.618549	39.304961	-0.021844	-0.000084	-0.005866	0.299040	0.241428	0.442365	-0.168976	-0.020273	-0.007885	0.006200	0.219080	0.213977	0.499617
2021-07-29 06:14:48.000000 	-59.000000	56.930354	-158.618549	39.304961	-0.049843	-0.017611	0.042410	0.330986	0.267228	0.489633	-0.158861	-0.021133	-0.001772	0.064369	0.242487	0.236839	0.553001
2021-07-29 06:14:49.000000 	-58.000000	56.930354	-158.618549	39.304961	-0.015741	-0.009188	-0.005616	0.301904	0.243756	0.446621	-0.171316	-0.018155	0.002817	0.005120	0.221184	0.216032	0.504421
2021-07-29 06:14:50.000000 	-57.000000	56.930354	-158.618549	39.304961	-0.030324	-0.009693	0.022571	0.351917	0.284146	0.520619	-0.185239	-0.014308	-0.002029	0.036250	0.257828	0.251824	0.587995
2021-07-29 06:14:51.000000 	-56.000000	56.930354	-158.618549	39.304961	-0.041599	-0.018885	0.029245	0.348421	0.281332	0.515458	-0.176411	-0.022272	0.002419	0.049401	0.255270	0.249326	0.582165
2021-07-29 06:14:52.000000 	-55.000000	56.930354	-158.618549	39.304961	-0.042139	-0.019156	0.033444	0.286838	0.231615	0.424360	-0.138854	-0.020486	0.002475	0.053247	0.210154	0.205261	0.479277
2021-07-29 06:14:53.000000 	-54.000000	56.930354	-158.618549	39.304961	-0.035852	-0.010697	0.001188	0.275282	0.222291	0.407272	-0.147270	-0.030596	-0.003110	0.021340	0.201689	0.196994	0.459976
2021-07-29 06:14:54.000000 	-53.000000	56.930354	-158.618549	39.304961	-0.033218	-0.007471	0.022631	0.365896	0.295472	0.541344	-0.192725	-0.015855	-0.005154	0.037329	0.268082	0.261842	0.611398
2021-07-29 06:14:55.000000 	-52.000000	56.930354	-158.618549	39.304961	-0.032603	-0.014464	0.015087	0.323762	0.261456	0.479018	-0.170707	-0.021628	0.001582	0.032086	0.237215	0.231694	0.541005
2021-07-29 06:14:56.000000 	-51.000000	56.930354	-158.618549	39.304961	-0.029077	-0.011083	0.017914	0.365061	0.294817	0.540132	-0.194878	-0.016301	-0.000280	0.031991	0.267477	0.261252	0.610026
2021-07-29 06:14:57.000000 	-50.000000	56.930354	-158.618549	39.304961	-0.045497	-0.011107	0.026888	0.308559	0.249195	0.456542	-0.153889	-0.024225	-0.006245	0.047859	0.226081	0.220820	0.515619
2021-07-29 06:14:58.000000 	-49.000000	56.930354	-158.618549	39.304961	-0.027058	-0.015114	0.012810	0.318375	0.257131	0.471076	-0.169970	-0.018742	0.004209	0.027490	0.233276	0.227848	0.532033
2021-07-29 06:14:59.000000 	-48.000000	56.930354	-158.618549	39.304961	-0.034117	-0.014544	0.031687	0.318471	0.257216	0.471228	-0.160730	-0.013776	0.001105	0.046782	0.233349	0.227920	0.532203
2021-07-29 06:15:00.000000 	-47.000000	56.930354	-158.618549	39.304961	-0.036636	-0.011165	0.023996	0.333671	0.269502	0.493730	-0.172201	-0.018906	-0.002960	0.040945	0.244490	0.238802	0.557615
2021-07-29 06:15:01.000000 	-46.000000	56.930354	-158.618549	39.304961	-0.031524	-0.012352	0.003165	0.275750	0.222727	0.408032	-0.147962	-0.026646	0.000009	0.021127	0.202052	0.197352	0.460828
2021-07-29 06:15:02.000000 	-45.000000	56.930354	-158.618549	39.304961	-0.030677	-0.012502	0.001202	0.325449	0.262879	0.481583	-0.177760	-0.027102	0.000457	0.019081	0.238471	0.232925	0.543895
2021-07-29 06:15:03.000000 	-44.000000	56.930354	-158.618549	39.304961	-0.039840	-0.007827	0.036176	0.305666	0.246907	0.452319	-0.150586	-0.013740	-0.007236	0.052116	0.223978	0.218769	0.510844
2021-07-29 06:15:04.000000 	-43.000000	56.930354	-158.618549	39.304961	-0.036617	-0.027358	0.022334	0.332776	0.268815	0.492446	-0.170427	-0.024745	0.012125	0.042764	0.243846	0.238176	0.556161
2021-07-29 06:15:05.000000 	-42.000000	56.930354	-158.618549	39.304961	-0.039581	-0.001957	0.022213	0.332186	0.268347	0.491583	-0.172066	-0.019363	-0.012608	0.039116	0.243417	0.237757	0.555186
2021-07-29 06:15:06.000000 	-41.000000	56.930354	-158.618549	39.304961	-0.019724	-0.010576	0.021354	0.319146	0.257821	0.472295	-0.169587	-0.006970	0.002657	0.030020	0.233864	0.228427	0.533402
2021-07-29 06:15:07.000000 	-40.000000	56.930354	-158.618549	39.304961	-0.034385	-0.010915	0.011441	0.285431	0.230592	0.422410	-0.149773	-0.023924	-0.002373	0.029230	0.209161	0.204299	0.477061
2021-07-29 06:15:08.000000 	-39.000000	56.930354	-158.618549	39.304961	-0.044166	-0.025609	0.021674	0.312746	0.252668	0.462843	-0.157070	-0.030461	0.007745	0.045699	0.229180	0.223853	0.522725
2021-07-29 06:15:09.000000 	-38.000000	56.930354	-158.618549	39.304961	-0.033130	-0.008160	0.027277	0.345528	0.279161	0.511368	-0.179098	-0.013462	-0.004480	0.041315	0.253206	0.247321	0.577527
2021-07-29 06:15:10.000000 	-37.000000	56.930354	-158.618549	39.304961	-0.030020	-0.018554	0.022776	0.345287	0.278976	0.511023	-0.180467	-0.016666	0.006332	0.038031	0.253033	0.247152	0.577135
2021-07-29 06:15:11.000000 	-36.000000	56.930354	-158.618549	39.304961	-0.028512	0.000013	-0.004907	0.264752	0.213915	0.391840	-0.146794	-0.024923	-0.010407	0.010372	0.194018	0.189510	0.442533
2021-07-29 06:15:12.000000 	-35.000000	56.930354	-158.618549	39.304961	-0.036482	-0.018927	0.035507	0.279886	0.226151	0.414247	-0.135710	-0.014876	0.004324	0.052057	0.205111	0.200346	0.467838
2021-07-29 06:15:13.000000 	-34.000000	56.930354	-158.618549	39.304961	-0.043507	-0.009269	0.022579	0.352665	0.284966	0.521974	-0.181966	-0.024461	-0.007231	0.042871	0.258450	0.252445	0.589500
2021-07-29 06:15:14.000000 	-33.000000	56.930354	-158.618549	39.304961	-0.034992	-0.011179	0.019897	0.332446	0.268637	0.492058	-0.173586	-0.019863	-0.002347	0.036677	0.243635	0.237976	0.555713
2021-07-29 06:15:15.000000 	-32.000000	56.930354	-158.618549	39.304961	-0.025191	-0.013366	0.007160	0.286017	0.231127	0.423347	-0.154169	-0.019834	0.003262	0.021459	0.209612	0.204743	0.478112
2021-07-29 06:15:16.000000 	-31.000000	56.930354	-158.618549	39.304961	-0.035189	-0.012421	0.028962	0.331851	0.268174	0.491198	-0.169515	-0.015451	-0.001263	0.044621	0.243206	0.237557	0.554739
2021-07-29 06:15:17.000000 	-30.000000	56.930354	-158.618549	39.304961	-0.034021	-0.007992	0.015634	0.300875	0.243150	0.445358	-0.157559	-0.020458	-0.004962	0.031978	0.220507	0.215386	0.502968
2021-07-29 06:15:18.000000 	-29.000000	56.930354	-158.618549	39.304961	-0.037075	-0.025746	0.030486	0.392910	0.317538	0.581600	-0.202226	-0.020162	0.010458	0.049507	0.287962	0.281275	0.656833
2021-07-29 06:15:19.000000 	-28.000000	56.930354	-158.618549	39.304961	-0.037602	-0.012935	0.025536	0.281174	0.227244	0.416213	-0.140734	-0.019361	-0.001664	0.043078	0.206074	0.201289	0.470051
2021-07-29 06:15:20.000000 	-27.000000	56.930354	-158.618549	39.304961	-0.027128	-0.005677	0.004471	0.341838	0.276281	0.506021	-0.187806	-0.020463	-0.004604	0.018660	0.250538	0.244721	0.571476
2021-07-29 06:15:21.000000 	-26.000000	56.930354	-158.618549	39.304961	-0.036687	-0.009117	0.017776	0.280535	0.226743	0.415284	-0.144037	-0.021714	-0.004886	0.035351	0.205611	0.200838	0.469000
2021-07-29 06:15:22.000000 	-25.000000	56.930354	-158.618549	39.304961	-0.029711	-0.012033	0.012106	0.276062	0.223135	0.408670	-0.145372	-0.020255	0.000373	0.027635	0.202335	0.197638	0.461530
2021-07-29 06:15:23.000000 	-24.000000	56.930354	-158.618549	39.304961	-0.038331	-0.011871	0.022694	0.348771	0.281914	0.516316	-0.180941	-0.021154	-0.002921	0.040856	0.255630	0.249697	0.583099
2021-07-29 06:15:24.000000 	-23.000000	56.930354	-158.618549	39.304961	-0.045099	-0.017833	0.039484	0.291612	0.235720	0.431708	-0.138587	-0.019096	0.000164	0.059551	0.213739	0.208778	0.487546
2021-07-29 06:15:25.000000 	-22.000000	56.930354	-158.618549	39.304961	-0.028518	-0.009257	0.003235	0.359405	0.290528	0.532079	-0.197687	-0.023317	-0.001777	0.019043	0.263431	0.257318	0.600898
2021-07-29 06:15:26.000000 	-21.000000	56.930354	-158.618549	39.304961	-0.032489	-0.009316	0.021016	0.270844	0.218947	0.400978	-0.138397	-0.016731	-0.003170	0.035973	0.198522	0.193915	0.452840
2021-07-29 06:15:27.000000 	-20.000000	56.930354	-158.618549	39.304961	-0.032102	-0.016906	0.024608	0.377963	0.305551	0.559577	-0.198317	-0.016788	0.004039	0.040296	0.277041	0.270614	0.631950
2021-07-29 06:15:28.000000 	-19.000000	56.930354	-158.618549	39.304961	-0.035269	-0.006116	0.025647	0.258735	0.209172	0.383067	-0.129063	-0.015395	-0.007164	0.040629	0.189651	0.185252	0.432610
2021-07-29 06:15:29.000000 	-18.000000	56.930354	-158.618549	39.304961	-0.046106	-0.014805	0.022470	0.347514	0.280954	0.514517	-0.177705	-0.028240	-0.003023	0.045201	0.254729	0.248820	0.581059
2021-07-29 06:15:30.000000 	-17.000000	56.930354	-158.618549	39.304961	-0.028946	-0.006876	0.007172	0.311431	0.251790	0.461103	-0.168543	-0.020775	-0.004150	0.022086	0.228283	0.222988	0.520736
2021-07-29 06:15:31.000000 	-16.000000	56.930354	-158.618549	39.304961	-0.035771	-0.008258	0.022084	0.292462	0.236462	0.433027	-0.149671	-0.018386	-0.005352	0.038325	0.214382	0.209410	0.489028
2021-07-29 06:15:32.000000 	-15.000000	56.930354	-158.618549	39.304961	-0.035306	-0.021289	0.026745	0.345840	0.279629	0.512070	-0.177490	-0.019461	0.006952	0.044586	0.253513	0.247634	0.578292
2021-07-29 06:15:33.000000 	-14.000000	56.930354	-158.618549	39.304961	-0.025019	-0.004331	0.025114	0.283195	0.228985	0.419322	-0.146558	-0.007143	-0.005089	0.034619	0.207594	0.202781	0.473549
2021-07-29 06:15:34.000000 	-13.000000	56.930354	-158.618549	39.304961	-0.038806	-0.014441	0.024026	0.318414	0.257471	0.471480	-0.162437	-0.021584	-0.000700	0.042724	0.233415	0.228003	0.532451
2021-07-29 06:15:35.000000 	-12.000000	56.930354	-158.618549	39.304961	-0.036878	-0.003645	0.011688	0.279814	0.226267	0.414333	-0.146441	-0.023513	-0.010051	0.029258	0.205122	0.200367	0.467913
2021-07-29 06:15:36.000000 	-11.000000	56.930354	-158.618549	39.304961	-0.026801	-0.018110	0.015157	0.355431	0.287423	0.526313	-0.190307	-0.018176	0.007093	0.029922	0.260558	0.254518	0.594372
2021-07-29 06:15:37.000000 	-10.000000	56.930354	-158.618549	39.304961	-0.046142	-0.008728	0.021015	0.314233	0.254116	0.465317	-0.159556	-0.027206	-0.008695	0.042792	0.230360	0.225021	0.525489
2021-07-29 06:15:38.000000 	-9.000000	56.930354	-158.618549	39.304961	-0.025993	-0.007142	0.026413	0.300741	0.243214	0.445347	-0.155664	-0.008053	-0.002826	0.036762	0.220472	0.215362	0.502935
2021-07-29 06:15:39.000000 	-8.000000	56.930354	-158.618549	39.304961	-0.036390	-0.018820	0.015546	0.266987	0.215924	0.395371	-0.136045	-0.025663	0.004258	0.035261	0.195730	0.191194	0.446495
2021-07-29 06:15:40.000000 	-7.000000	56.930354	-158.618549	39.304961	-0.044036	-0.017710	0.029878	0.381929	0.308893	0.565595	-0.195131	-0.023470	0.000436	0.050936	0.279999	0.273511	0.638729
2021-07-29 06:15:41.000000 	-6.000000	56.930354	-158.618549	39.304961	-0.035518	-0.010537	0.008862	0.262320	0.212164	0.388475	-0.137081	-0.026100	-0.003137	0.027569	0.192314	0.187858	0.438706
2021-07-29 06:15:42.000000 	-5.000000	56.930354	-158.618549	39.304961	-0.030910	-0.008738	0.016791	0.303629	0.245582	0.449658	-0.159587	-0.017627	-0.003132	0.031515	0.222602	0.217444	0.507799
2021-07-29 06:15:43.000000 	-4.000000	56.930354	-158.618549	39.304961	-0.032868	-0.009035	0.028830	0.280335	0.226749	0.415169	-0.140782	-0.012677	-0.003570	0.042658	0.205527	0.200766	0.468850
2021-07-29 06:15:44.000000 	-3.000000	56.930354	-158.618549	39.304961	-0.046534	-0.017983	0.039487	0.322957	0.261233	0.478302	-0.156402	-0.020259	-0.000220	0.060312	0.236779	0.231294	0.540144
2021-07-29 06:15:45.000000 	-2.000000	56.930354	-158.618549	39.304961	-0.013995	-0.001074	-0.009531	0.375104	0.303424	0.555543	-0.216594	-0.016449	-0.004102	-0.000662	0.275015	0.268645	0.627370
2021-07-29 06:15:46.000000 	-1.000000	56.930354	-158.618549	39.304961	-0.033467	-0.020428	0.018413	0.260418	0.210661	0.385697	-0.131818	-0.022309	0.006821	0.036499	0.190934	0.186512	0.435564
2021-07-29 06:15:47.000000 	0.000000	56.930354	-158.618549	39.304961	-0.047172	-0.009560	0.039845	0.322080	0.260550	0.477030	-0.156429	-0.017989	-0.008296	0.059261	0.236146	0.230677	0.538704
2021-07-29 06:15:48.000000 	1.000000	56.930354	-158.618549	39.304961	-0.042763	-0.009303	0.013418	0.302577	0.244781	0.448153	-0.156674	-0.028890	-0.006928	0.034823	0.221850	0.216713	0.506093
2021-07-29 06:15:49.000000 	2.000000	56.930354	-158.618549	39.304961	-0.026106	-0.013106	0.015828	0.316293	0.255886	0.468478	-0.168197	-0.015739	0.002687	0.029135	0.231910	0.226540	0.529044
2021-07-29 06:15:50.000000 	3.000000	56.930354	-158.618549	39.304961	-0.030746	-0.007043	0.017227	0.293192	0.237205	0.434269	-0.153607	-0.016743	-0.004651	0.031460	0.214975	0.209998	0.490412
2021-07-29 06:15:51.000000 	4.000000	56.930354	-158.618549	39.304961	-0.034536	-0.013012	0.010592	0.343054	0.277555	0.508134	-0.183330	-0.025145	-0.000475	0.029012	0.251539	0.245716	0.573825
2021-07-29 06:15:52.000000 	5.000000	56.930354	-158.618549	39.304961	-0.038684	-0.012038	0.039194	0.273649	0.221410	0.405340	-0.130820	-0.012478	-0.002894	0.054895	0.200652	0.196008	0.457741
2021-07-29 06:15:53.000000 	6.000000	56.930354	-158.618549	39.304961	-0.032404	-0.017506	0.017656	0.311434	0.251990	0.461317	-0.162399	-0.021000	0.004488	0.034743	0.228361	0.223075	0.520953
2021-07-29 06:15:54.000000 	7.000000	56.930354	-158.618549	39.304961	-0.033619	-0.007619	0.017645	0.295871	0.239406	0.438272	-0.154112	-0.018934	-0.005162	0.033384	0.216952	0.211931	0.494929
2021-07-29 06:15:55.000000 	8.000000	56.930354	-158.618549	39.304961	-0.043397	-0.012054	0.032208	0.330340	0.267305	0.489340	-0.165122	-0.019972	-0.004598	0.051439	0.242231	0.236625	0.552597
2021-07-29 06:15:56.000000 	9.000000	56.930354	-158.618549	39.304961	-0.017704	-0.013808	0.003360	0.286940	0.232195	0.425060	-0.158279	-0.016200	0.006403	0.014558	0.210410	0.205541	0.480006
2021-07-29 06:15:57.000000 	10.000000	56.930354	-158.618549	39.304961	-0.038266	-0.009867	0.019534	0.321815	0.260425	0.476730	-0.166841	-0.022215	-0.004763	0.037776	0.235986	0.230527	0.538354
2021-07-29 06:15:58.000000 	11.000000	56.930354	-158.618549	39.304961	-0.039861	-0.018882	0.028028	0.298600	0.241647	0.442349	-0.148626	-0.021579	0.003050	0.047497	0.218966	0.213901	0.499527
2021-07-29 06:15:59.000000 	12.000000	56.930354	-158.618549	39.304961	-0.022734	0.001560	0.007585	0.320400	0.259298	0.474653	-0.176222	-0.013124	-0.009741	0.017598	0.234956	0.229521	0.536007
2021-07-29 06:16:00.000000 	13.000000	56.930354	-158.618549	39.304961	-0.035960	-0.017738	0.034543	0.293638	0.237648	0.435016	-0.144454	-0.014631	0.003407	0.050748	0.215335	0.210354	0.491244
2021-07-29 06:16:01.000000 	14.000000	56.930354	-158.618549	39.304961	-0.047449	-0.009824	0.017277	0.317689	0.257121	0.470654	-0.162525	-0.030600	-0.008151	0.040542	0.232975	0.227587	0.531488
2021-07-29 06:16:02.000000 	15.000000	56.930354	-158.618549	39.304961	-0.023211	-0.016892	0.015794	0.307801	0.249127	0.456014	-0.163679	-0.014655	0.007267	0.028390	0.225727	0.220507	0.514955
2021-07-29 06:16:03.000000 	16.000000	56.930354	-158.618549	39.304961	-0.036579	-0.012623	0.029685	0.292540	0.236783	0.433413	-0.146128	-0.016203	-0.001582	0.045973	0.214539	0.209578	0.489431
2021-07-29 06:16:04.000000 	17.000000	56.930354	-158.618549	39.304961	-0.037305	-0.002536	0.022319	0.311593	0.252214	0.461650	-0.160832	-0.017707	-0.011239	0.038162	0.228515	0.223232	0.521317
2021-07-29 06:16:05.000000 	18.000000	56.930354	-158.618549	39.304961	-0.028690	-0.012596	-0.002984	0.303813	0.245925	0.450131	-0.167486	-0.027864	0.001269	0.014583	0.222813	0.217661	0.508308
2021-07-29 06:16:06.000000 	19.000000	56.930354	-158.618549	39.304961	-0.029619	-0.010937	0.019422	0.333326	0.269824	0.493868	-0.175954	-0.015856	-0.000614	0.033501	0.244461	0.238810	0.557696
2021-07-29 06:16:07.000000 	20.000000	56.930354	-158.618549	39.304961	-0.049137	-0.007141	0.036582	0.284707	0.230475	0.421841	-0.135642	-0.020564	-0.011264	0.057043	0.208807	0.203981	0.476359
2021-07-29 06:16:08.000000 	21.000000	56.930354	-158.618549	39.304961	-0.026703	-0.014436	0.013476	0.309691	0.250709	0.458866	-0.165012	-0.017894	0.003707	0.027733	0.227134	0.221884	0.518169
2021-07-29 06:16:09.000000 	22.000000	56.930354	-158.618549	39.304961	-0.045462	-0.019762	0.034876	0.291235	0.235776	0.431529	-0.139942	-0.022483	0.001828	0.056257	0.213602	0.208665	0.487298
2021-07-29 06:16:10.000000 	23.000000	56.930354	-158.618549	39.304961	-0.023035	-0.010118	0.007538	0.351125	0.284271	0.520279	-0.192803	-0.016953	0.001024	0.020034	0.257531	0.251580	0.587516
2021-07-29 06:16:11.000000 	24.000000	56.930354	-158.618549	39.304961	-0.035435	-0.009123	0.029562	0.243686	0.197296	0.361089	-0.118523	-0.014308	-0.004423	0.044592	0.178734	0.174603	0.407752
2021-07-29 06:16:12.000000 	25.000000	56.930354	-158.618549	39.304961	-0.037526	-0.019963	0.026367	0.332002	0.268808	0.491962	-0.169243	-0.020994	0.004908	0.045134	0.243513	0.237886	0.555537
2021-07-29 06:16:13.000000 	26.000000	56.930354	-158.618549	39.304961	-0.045360	-0.012081	0.026576	0.316643	0.256381	0.469212	-0.158811	-0.024586	-0.005288	0.047722	0.232251	0.226885	0.529846
2021-07-29 06:16:14.000000 	27.000000	56.930354	-158.618549	39.304961	-0.028444	-0.009794	0.002254	0.307767	0.249204	0.456069	-0.168225	-0.023958	-0.001250	0.018289	0.225745	0.220530	0.515002
2021-07-29 06:16:15.000000 	28.000000	56.930354	-158.618549	39.304961	-0.039673	-0.009943	0.042768	0.323152	0.261670	0.478876	-0.158097	-0.010659	-0.005206	0.057976	0.237033	0.231558	0.540756
2021-07-29 06:16:16.000000 	29.000000	56.930354	-158.618549	39.304961	-0.018801	-0.012111	0.007634	0.287106	0.232490	0.425467	-0.156673	-0.014205	0.004423	0.018359	0.210596	0.205732	0.480444
2021-07-29 06:16:17.000000 	30.000000	56.930354	-158.618549	39.304961	-0.038913	-0.009915	0.031661	0.291839	0.236331	0.432489	-0.144573	-0.016118	-0.004954	0.048276	0.214072	0.209127	0.488373
2021-07-29 06:16:18.000000 	31.000000	56.930354	-158.618549	39.304961	-0.033175	-0.007782	0.002868	0.245564	0.198865	0.363920	-0.130659	-0.026700	-0.004849	0.020808	0.180131	0.175971	0.410942
2021-07-29 06:16:19.000000 	32.000000	56.930354	-158.618549	39.304961	-0.058400	-0.022873	0.049995	0.399527	0.323559	0.592099	-0.192826	-0.025279	0.000008	0.076119	0.293073	0.286306	0.668604
2021-07-29 06:16:20.000000 	33.000000	56.930354	-158.618549	39.304961	-0.011785	0.000435	-0.007247	0.254950	0.206479	0.377842	-0.147064	-0.013018	-0.004702	-0.000172	0.187021	0.182703	0.426662
2021-07-29 06:16:21.000000 	34.000000	56.930354	-158.618549	39.304961	-0.039404	-0.016174	0.023522	0.336313	0.272384	0.498435	-0.172765	-0.022854	0.000695	0.042951	0.246711	0.241015	0.562835
2021-07-29 06:16:22.000000 	35.000000	56.930354	-158.618549	39.304961	-0.035938	-0.009931	0.013163	0.259301	0.210019	0.384306	-0.133721	-0.023895	-0.003855	0.031267	0.190220	0.185828	0.433959
2021-07-29 06:16:23.000000 	36.000000	56.930354	-158.618549	39.304961	-0.030843	-0.010230	0.028340	0.312002	0.252712	0.462421	-0.159869	-0.011730	-0.001719	0.041456	0.228884	0.223600	0.522165
2021-07-29 06:16:24.000000 	37.000000	56.930354	-158.618549	39.304961	-0.045871	-0.010229	-0.003716	0.359800	0.291437	0.533273	-0.195359	-0.040947	-0.007199	0.022227	0.263953	0.257860	0.602170
2021-07-29 06:16:25.000000 	38.000000	56.930354	-158.618549	39.304961	-0.043845	-0.020045	0.035183	0.273877	0.221848	0.405932	-0.130208	-0.021140	0.002681	0.055750	0.200923	0.196285	0.458376
2021-07-29 06:16:26.000000 	39.000000	56.930354	-158.618549	39.304961	-0.036586	-0.018999	0.003826	0.327343	0.265165	0.485186	-0.175553	-0.032266	0.004353	0.025575	0.240150	0.234608	0.547867
2021-07-29 06:16:27.000000 	40.000000	56.930354	-158.618549	39.304961	-0.051297	-0.017297	0.023438	0.281866	0.228335	0.417788	-0.137367	-0.032524	-0.002595	0.049147	0.206790	0.202018	0.471761
2021-07-29 06:16:28.000000 	41.000000	56.930354	-158.618549	39.304961	-0.049401	-0.020730	0.049015	0.372611	0.301856	0.552303	-0.180456	-0.018137	0.001293	0.070300	0.273370	0.267061	0.623652
2021-07-29 06:16:29.000000 	42.000000	56.930354	-158.618549	39.304961	-0.026021	-0.008776	-0.012697	0.257015	0.208218	0.380967	-0.145158	-0.029915	-0.001314	0.004327	0.188564	0.184213	0.430181
2021-07-29 06:16:30.000000 	43.000000	56.930354	-158.618549	39.304961	-0.048022	-0.017155	0.035268	0.371747	0.301177	0.551041	-0.186168	-0.023470	-0.001533	0.057367	0.272744	0.266452	0.622225
2021-07-29 06:16:31.000000 	44.000000	56.930354	-158.618549	39.304961	-0.056285	-0.018424	0.025712	0.273558	0.221635	0.405503	-0.129907	-0.035520	-0.003364	0.053811	0.200708	0.196078	0.457885
2021-07-29 06:16:32.000000 	45.000000	56.930354	-158.618549	39.304961	-0.031171	-0.013509	0.014524	0.308913	0.250289	0.457920	-0.163054	-0.020525	0.001215	0.030697	0.226652	0.221424	0.517072
2021-07-29 06:16:33.000000 	46.000000	56.930354	-158.618549	39.304961	-0.045782	-0.015138	0.036030	0.313079	0.253673	0.464104	-0.152671	-0.020690	-0.002595	0.056467	0.229712	0.224414	0.524053
2021-07-29 06:16:34.000000 	47.000000	56.930354	-158.618549	39.304961	-0.037224	-0.006716	0.003486	0.316667	0.256589	0.469431	-0.170675	-0.029197	-0.007317	0.023171	0.232349	0.226990	0.530067
2021-07-29 06:16:35.000000 	48.000000	56.930354	-158.618549	39.304961	-0.046405	-0.018006	0.030836	0.320202	0.259463	0.474679	-0.158341	-0.024887	-0.000151	0.053001	0.234946	0.229528	0.535992
2021-07-29 06:16:36.000000 	49.000000	56.930354	-158.618549	39.304961	-0.044820	-0.014603	0.010041	0.339170	0.274843	0.502809	-0.178148	-0.033957	-0.002742	0.034092	0.248869	0.243130	0.567754
2021-07-29 06:16:37.000000 	50.000000	56.930354	-158.618549	39.304961	-0.053438	-0.018648	0.026403	0.259662	0.210422	0.384947	-0.122438	-0.032990	-0.002118	0.052988	0.190532	0.186139	0.434668
2021-07-29 06:16:38.000000 	51.000000	56.930354	-158.618549	39.304961	-0.062273	-0.020850	0.034523	0.404385	0.327712	0.599509	-0.200777	-0.036126	-0.003289	0.064719	0.296730	0.289889	0.676941
2021-07-29 06:16:39.000000 	52.000000	56.930354	-158.618549	39.304961	-0.031844	-0.029456	-0.005485	0.308065	0.249664	0.456721	-0.167812	-0.036841	0.015819	0.017444	0.226057	0.220845	0.515710
2021-07-29 06:16:40.000000 	53.000000	56.930354	-158.618549	39.304961	-0.041681	-0.018168	-0.023118	0.260044	0.210753	0.385534	-0.144323	-0.050690	0.001722	0.005420	0.190822	0.186423	0.435328
2021-07-29 06:16:41.000000 	54.000000	56.930354	-158.618549	39.304961	-0.048738	-0.029530	-0.036590	0.326920	0.264962	0.484691	-0.184281	-0.067020	0.009729	-0.000024	0.239900	0.234370	0.547290
2021-07-29 06:16:42.000000 	55.000000	56.930354	-158.618549	39.304961	-0.008417	-0.020245	0.035467	0.262944	0.213119	0.389848	-0.133188	0.006600	0.015783	0.038026	0.192957	0.188509	0.440196
2021-07-29 06:16:43.000000 	56.000000	56.930354	-158.618549	39.304961	0.058241	-0.007321	0.091189	0.341936	0.277153	0.506973	-0.166374	0.092969	0.028050	0.048281	0.250928	0.245145	0.572447
2021-07-29 06:16:44.000000 	57.000000	56.930354	-158.618549	39.304961	-0.029361	-0.030630	0.038438	0.366153	0.296792	0.542888	-0.185276	-0.011295	0.017817	0.053223	0.268704	0.262511	0.612998
2021-07-29 06:16:45.000000 	58.000000	56.930354	-158.618549	39.304961	-0.174216	-0.064589	-0.076710	0.357876	0.290093	0.530625	-0.151334	-0.197537	-0.003371	0.037085	0.262634	0.256582	0.599150
2021-07-29 06:16:46.000000 	59.000000	56.930354	-158.618549	39.304961	-0.069928	-0.010838	-0.028745	0.305202	0.247404	0.452533	-0.163492	-0.073563	-0.015402	0.013598	0.223982	0.218821	0.510972
2021-07-29 06:16:47.000000 	60.000000	56.930354	-158.618549	39.304961	0.093899	0.031568	0.085874	0.336584	0.272853	0.499073	-0.171433	0.129774	0.004838	0.017973	0.247017	0.241326	0.563521
2021-07-29 06:16:48.000000 	61.000000	56.930354	-158.618549	39.304961	0.020182	0.014236	0.080803	0.343286	0.278296	0.509021	-0.168875	0.064189	-0.005898	0.054627	0.251941	0.246136	0.574752
2021-07-29 06:16:49.000000 	62.000000	56.930354	-158.618549	39.304961	-0.096645	-0.053469	0.035036	0.372926	0.302336	0.552981	-0.166558	-0.072633	0.014555	0.089103	0.273699	0.267393	0.624386
2021-07-29 06:16:50.000000 	63.000000	56.930354	-158.618549	39.304961	-0.116611	0.039460	0.023101	0.352027	0.285403	0.522000	-0.157590	-0.066335	-0.079257	0.070759	0.258365	0.252413	0.589404
2021-07-29 06:16:51.000000 	64.000000	56.930354	-158.618549	39.304961	-0.013339	0.018509	0.069058	0.262944	0.213187	0.389910	-0.120625	0.032928	-0.022098	0.060967	0.192987	0.188541	0.440257
2021-07-29 06:16:52.000000 	65.000000	56.930354	-158.618549	39.304961	0.009535	-0.055203	0.054614	0.370890	0.300717	0.549990	-0.186390	0.020375	0.054879	0.051904	0.272218	0.265949	0.621005
2021-07-29 06:16:53.000000 	66.000000	56.930354	-158.618549	39.304961	-0.043090	-0.003923	0.037538	0.397472	0.322281	0.589419	-0.202999	-0.014340	-0.012056	0.054132	0.291734	0.285015	0.665524
2021-07-29 06:16:54.000000 	67.000000	56.930354	-158.618549	39.304961	0.049412	0.004739	0.037407	0.227906	0.184799	0.337972	-0.124401	0.060417	0.013602	0.005299	0.167280	0.163428	0.381610
2021-07-29 06:16:55.000000 	68.000000	56.930354	-158.618549	39.304961	-0.057358	-0.080629	-0.011118	0.368702	0.298975	0.546775	-0.188351	-0.075459	0.054168	0.035866	0.270627	0.264395	0.617371
2021-07-29 06:16:56.000000 	69.000000	56.930354	-158.618549	39.304961	-0.102160	-0.073088	-0.055533	0.311097	0.252273	0.461356	-0.150999	-0.132351	0.030813	0.019910	0.228349	0.223091	0.520922
2021-07-29 06:16:57.000000 	70.000000	56.930354	-158.618549	39.304961	-0.119608	-0.037300	0.006703	0.358190	0.290472	0.531205	-0.160808	-0.101072	-0.008873	0.073811	0.262921	0.256867	0.599787
2021-07-29 06:16:58.000000 	71.000000	56.930354	-158.618549	39.304961	-0.046154	0.072918	0.064261	0.342489	0.277750	0.507929	-0.160470	0.021327	-0.084726	0.062796	0.251401	0.245613	0.573505
2021-07-29 06:16:59.000000 	72.000000	56.930354	-158.618549	39.304961	0.004232	0.008092	-0.015065	0.309244	0.250797	0.458632	-0.186528	-0.002446	-0.005992	-0.016385	0.227001	0.221775	0.517843
2021-07-29 06:17:00.000000 	73.000000	56.930354	-158.618549	39.304961	0.011924	0.005405	-0.062127	0.207920	0.168629	0.308366	-0.146733	-0.022944	-0.000686	-0.059197	0.152627	0.149113	0.348176
2021-07-29 06:17:01.000000 	74.000000	56.930354	-158.618549	39.304961	0.001929	0.013811	0.003285	0.262634	0.213012	0.389520	-0.152168	0.007517	-0.012157	-0.000975	0.192794	0.188356	0.439806
2021-07-29 06:17:02.000000 	75.000000	56.930354	-158.618549	39.304961	-0.062861	-0.081698	0.091635	0.407763	0.330732	0.604776	-0.171235	-0.024011	0.053158	0.124983	0.299335	0.292446	0.682848
2021-07-29 06:17:03.000000 	76.000000	56.930354	-158.618549	39.304961	-0.043624	-0.036162	0.031577	0.325483	0.264005	0.482750	-0.159706	-0.027859	0.017769	0.055821	0.238938	0.233440	0.545068
2021-07-29 06:17:04.000000 	77.000000	56.930354	-158.618549	39.304961	0.029256	-0.015868	0.054593	0.312567	0.253538	0.463602	-0.161680	0.047771	0.025441	0.034041	0.229461	0.224181	0.523447
2021-07-29 06:17:05.000000 	78.000000	56.930354	-158.618549	39.304961	0.003491	0.023920	0.099809	0.379552	0.307884	0.562965	-0.178836	0.064493	-0.021001	0.077109	0.278642	0.272230	0.635635
2021-07-29 06:17:06.000000 	79.000000	56.930354	-158.618549	39.304961	-0.048552	-0.005798	-0.014306	0.303114	0.245888	0.449597	-0.165743	-0.047464	-0.012302	0.013834	0.222530	0.217410	0.507632
2021-07-29 06:17:07.000000 	80.000000	56.930354	-158.618549	39.304961	-0.016162	0.024011	-0.004822	0.319159	0.258913	0.473403	-0.183962	-0.007907	-0.028251	-0.000606	0.234313	0.228922	0.534510
2021-07-29 06:17:08.000000 	81.000000	56.930354	-158.618549	39.304961	-0.078454	0.043618	0.050676	0.339636	0.275535	0.503786	-0.154731	-0.020243	-0.069219	0.073652	0.249352	0.243615	0.568813
2021-07-29 06:17:09.000000 	82.000000	56.930354	-158.618549	39.304961	-0.100539	-0.018698	0.059713	0.359900	0.291985	0.533853	-0.152735	-0.051583	-0.019243	0.104843	0.264234	0.258155	0.602759
2021-07-29 06:17:10.000000 	83.000000	56.930354	-158.618549	39.304961	0.024387	-0.063119	0.032002	0.294786	0.239166	0.437274	-0.152146	0.017208	0.067666	0.026983	0.216432	0.211453	0.493713
2021-07-29 06:17:11.000000 	84.000000	56.930354	-158.618549	39.304961	-0.009938	0.035151	-0.001121	0.325804	0.264342	0.483294	-0.188616	0.002373	-0.036354	-0.002882	0.239210	0.233708	0.545671
2021-07-29 06:17:12.000000 	85.000000	56.930354	-158.618549	39.304961	-0.044247	-0.068804	0.020091	0.315483	0.255977	0.467992	-0.152257	-0.044585	0.047938	0.053005	0.231636	0.226309	0.528393
2021-07-29 06:17:13.000000 	86.000000	56.930354	-158.618549	39.304961	-0.076083	0.006845	0.030460	0.378500	0.307119	0.561481	-0.185278	-0.040658	-0.034112	0.062822	0.277910	0.271519	0.633947
2021-07-29 06:17:14.000000 	87.000000	56.930354	-158.618549	39.304961	-0.072499	-0.007383	0.005736	0.329089	0.267036	0.488193	-0.165424	-0.055699	-0.019557	0.043112	0.241635	0.236079	0.551198
2021-07-29 06:17:15.000000 	88.000000	56.930354	-158.618549	39.304961	-0.015554	-0.067532	0.062880	0.283688	0.230204	0.420849	-0.124108	0.001541	0.057213	0.074031	0.208303	0.203513	0.475162
2021-07-29 06:17:16.000000 	89.000000	56.930354	-158.618549	39.304961	-0.056430	-0.005201	0.030837	0.408669	0.331635	0.606267	-0.208164	-0.028797	-0.015730	0.055549	0.300078	0.293179	0.684508
2021-07-29 06:17:17.000000 	90.000000	56.930354	-158.618549	39.304961	-0.030756	0.015359	-0.017448	0.255363	0.207234	0.378842	-0.146599	-0.028828	-0.025514	-0.002050	0.187512	0.183201	0.427731
2021-07-29 06:17:18.000000 	91.000000	56.930354	-158.618549	39.304961	-0.025884	-0.006372	-0.020479	0.307432	0.249499	0.456096	-0.177745	-0.033319	-0.003504	-0.002742	0.225750	0.220560	0.514954
2021-07-29 06:17:19.000000 	92.000000	56.930354	-158.618549	39.304961	-0.007592	-0.001565	-0.013630	0.309242	0.250977	0.458788	-0.182008	-0.013840	-0.001311	-0.007253	0.227084	0.221863	0.517992
2021-07-29 06:17:20.000000 	93.000000	56.930354	-158.618549	39.304961	-0.053323	-0.015012	0.048286	0.303549	0.246365	0.450350	-0.140168	-0.019849	-0.005462	0.070544	0.222907	0.217783	0.508464
2021-07-29 06:17:21.000000 	94.000000	56.930354	-158.618549	39.304961	-0.030277	0.044962	0.016999	0.305760	0.248169	0.453639	-0.163994	-0.000614	-0.052906	0.020685	0.224536	0.219375	0.512176
2021-07-29 06:17:22.000000 	95.000000	56.930354	-158.618549	39.304961	-0.012085	0.009309	0.025012	0.323729	0.262763	0.480307	-0.174905	0.007062	-0.013074	0.025249	0.237736	0.232272	0.542284
2021-07-29 06:17:23.000000 	96.000000	56.930354	-158.618549	39.304961	-0.024059	-0.055515	0.039103	0.296361	0.240558	0.439709	-0.141850	-0.014398	0.042923	0.056037	0.217642	0.212640	0.496446
2021-07-29 06:17:24.000000 	97.000000	56.930354	-158.618549	39.304961	-0.050436	-0.002122	0.012418	0.294920	0.239397	0.437578	-0.151039	-0.033229	-0.016412	0.036455	0.216587	0.211610	0.494039
2021-07-29 06:17:25.000000 	98.000000	56.930354	-158.618549	39.304961	0.015857	0.017659	0.082478	0.381638	0.309800	0.566252	-0.190236	0.062773	-0.010663	0.057548	0.280278	0.273837	0.639314
2021-07-29 06:17:26.000000 	99.000000	56.930354	-158.618549	39.304961	-0.049808	-0.013872	0.043292	0.289285	0.234840	0.429233	-0.135029	-0.019482	-0.005241	0.064346	0.212458	0.207576	0.484614
2021-07-29 06:17:27.000000 	100.000000	56.930354	-158.618549	39.304961	-0.057162	-0.003303	0.002656	0.352124	0.285863	0.522480	-0.185774	-0.044165	-0.017764	0.031927	0.258613	0.252671	0.589890
2021-07-29 06:17:28.000000 	101.000000	56.930354	-158.618549	39.304961	-0.080653	0.001616	0.041334	0.301047	0.244406	0.446699	-0.133623	-0.039888	-0.030909	0.075297	0.221104	0.216025	0.504331
2021-07-29 06:17:29.000000 	102.000000	56.930354	-158.618549	39.304961	-0.031262	-0.020180	-0.011206	0.299731	0.243346	0.444754	-0.166640	-0.036675	0.007394	0.010508	0.220142	0.215085	0.502133
2021-07-29 06:17:30.000000 	103.000000	56.930354	-158.618549	39.304961	-0.023978	-0.040420	0.021236	0.356393	0.289360	0.528841	-0.186559	-0.019472	0.028896	0.038020	0.261764	0.255751	0.597068
2021-07-29 06:17:31.000000 	104.000000	56.930354	-158.618549	39.304961	-0.025004	-0.005689	0.057327	0.336145	0.272931	0.498804	-0.164189	0.010032	-0.003818	0.061876	0.246897	0.241226	0.563154
2021-07-29 06:17:32.000000 	105.000000	56.930354	-158.618549	39.304961	-0.016658	-0.028871	0.064498	0.302489	0.245612	0.448868	-0.140999	0.013375	0.020811	0.068257	0.222180	0.217077	0.506775
2021-07-29 06:17:33.000000 	106.000000	56.930354	-158.618549	39.304961	-0.061037	-0.032493	-0.043184	0.328827	0.267008	0.487961	-0.182918	-0.081120	0.008004	0.001289	0.241531	0.235984	0.550909
2021-07-29 06:17:34.000000 	107.000000	56.930354	-158.618549	39.304961	-0.038859	-0.026296	0.018445	0.270743	0.219852	0.401773	-0.135684	-0.028292	0.010319	0.040432	0.198871	0.194304	0.453602
2021-07-29 06:17:35.000000 	108.000000	56.930354	-158.618549	39.304961	-0.043069	-0.004454	0.043038	0.373080	0.302964	0.553648	-0.186764	-0.011485	-0.011554	0.058836	0.274047	0.267753	0.625067
2021-07-29 06:17:36.000000 	109.000000	56.930354	-158.618549	39.304961	-0.032599	0.020533	0.042256	0.323622	0.262811	0.480261	-0.162961	0.003893	-0.031005	0.047890	0.237722	0.232263	0.542212
2021-07-29 06:17:37.000000 	110.000000	56.930354	-158.618549	39.304961	-0.000891	-0.011383	0.014642	0.282886	0.229738	0.419815	-0.156314	0.003817	0.010275	0.014987	0.207803	0.203032	0.473967
2021-07-29 06:17:38.000000 	111.000000	56.930354	-158.618549	39.304961	-0.029466	-0.015331	0.023924	0.313606	0.254696	0.465412	-0.162592	-0.014623	0.003533	0.038070	0.230374	0.225084	0.525445
2021-07-29 06:17:39.000000 	112.000000	56.930354	-158.618549	39.304961	-0.051639	-0.031327	0.045644	0.322686	0.262080	0.478896	-0.151052	-0.024960	0.010345	0.070720	0.237049	0.231606	0.540666
2021-07-29 06:17:40.000000 	113.000000	56.930354	-158.618549	39.304961	-0.042021	-0.003017	0.023503	0.344287	0.279634	0.510962	-0.178194	-0.020887	-0.012511	0.041647	0.252922	0.247116	0.576867
2021-07-29 06:17:41.000000 	114.000000	56.930354	-158.618549	39.304961	-0.015349	-0.007286	-0.001732	0.292766	0.237797	0.434506	-0.165270	-0.015148	0.001189	0.007797	0.215078	0.210141	0.490548
2021-07-29 06:17:42.000000 	115.000000	56.930354	-158.618549	39.304961	-0.087234	-0.048394	0.007896	0.359773	0.292233	0.533963	-0.172556	-0.078548	0.013260	0.060567	0.264309	0.258242	0.602831
2021-07-29 06:17:43.000000 	116.000000	56.930354	-158.618549	39.304961	-0.017215	-0.013464	0.000834	0.276798	0.224844	0.410821	-0.153813	-0.017092	0.006261	0.012124	0.203355	0.198688	0.463806
2021-07-29 06:17:44.000000 	117.000000	56.930354	-158.618549	39.304961	-0.060182	0.016875	0.026623	0.326602	0.265309	0.484747	-0.162299	-0.027279	-0.037654	0.049532	0.239949	0.234442	0.547264
2021-07-29 06:17:45.000000 	118.000000	56.930354	-158.618549	39.304961	0.003396	0.020766	0.092324	0.388868	0.315902	0.577173	-0.187791	0.059372	-0.018098	0.071511	0.285701	0.279145	0.651609
2021-07-29 06:17:46.000000 	119.000000	56.930354	-158.618549	39.304961	-0.028662	-0.018904	0.052945	0.253402	0.205862	0.376115	-0.115710	0.000748	0.007153	0.062692	0.186178	0.181906	0.424621
2021-07-29 06:17:47.000000 	120.000000	56.930354	-158.618549	39.304961	-0.029510	0.001571	0.029140	0.298469	0.242483	0.443013	-0.153402	-0.006647	-0.012221	0.039101	0.219294	0.214262	0.500145
2021-07-29 06:17:48.000000 	121.000000	56.930354	-158.618549	39.304961	-0.007903	-0.004259	0.017502	0.335523	0.272596	0.498020	-0.184738	0.002082	0.001084	0.019529	0.246523	0.240867	0.562244
2021-07-29 06:17:49.000000 	122.000000	56.930354	-158.618549	39.304961	-0.035911	-0.040466	0.063670	0.345251	0.280510	0.512468	-0.160074	-0.005644	0.024588	0.079652	0.253676	0.247856	0.578553
2021-07-29 06:17:50.000000 	123.000000	56.930354	-158.618549	39.304961	-0.081086	-0.059280	-0.000392	0.331462	0.269317	0.492008	-0.158856	-0.081599	0.025638	0.052664	0.243549	0.237962	0.555453
2021-07-29 06:17:51.000000 	124.000000	56.930354	-158.618549	39.304961	-0.051193	0.025058	0.005618	0.320014	0.260025	0.475023	-0.169777	-0.029226	-0.041997	0.025735	0.235143	0.229748	0.536277
2021-07-29 06:17:52.000000 	125.000000	56.930354	-158.618549	39.304961	-0.051447	-0.008750	0.008702	0.306529	0.249077	0.455014	-0.158345	-0.038071	-0.010609	0.035173	0.225239	0.220072	0.513686
2021-07-29 06:17:53.000000 	126.000000	56.930354	-158.618549	39.304961	-0.011372	-0.025072	0.022637	0.376059	0.305586	0.558233	-0.202891	-0.004182	0.019200	0.029736	0.276335	0.269996	0.630213
2021-07-29 06:17:54.000000 	127.000000	56.930354	-158.618549	39.304961	-0.056283	0.001390	0.019154	0.279472	0.227108	0.414863	-0.137878	-0.033043	-0.021814	0.044372	0.205365	0.200655	0.468355
2021-07-29 06:17:55.000000 	128.000000	56.930354	-158.618549	39.304961	-0.033702	-0.007714	0.022725	0.291376	0.236790	0.432541	-0.149817	-0.016255	-0.005104	0.037702	0.214117	0.209206	0.488311
2021-07-29 06:17:56.000000 	129.000000	56.930354	-158.618549	39.304961	-0.008999	-0.042535	0.022184	0.311495	0.253150	0.462415	-0.163530	-0.007912	0.036326	0.031624	0.228907	0.223657	0.522036
2021-07-29 06:17:57.000000 	130.000000	56.930354	-158.618549	39.304961	-0.020582	0.004235	0.037266	0.340069	0.276382	0.504841	-0.176887	0.005568	-0.011448	0.040845	0.249910	0.244179	0.569930
2021-07-29 06:17:58.000000 	131.000000	56.930354	-158.618549	39.304961	-0.054412	0.022651	0.053472	0.369814	0.300568	0.549008	-0.179139	-0.006361	-0.040930	0.067951	0.271775	0.265543	0.619790
2021-07-29 06:17:59.000000 	132.000000	56.930354	-158.618549	39.304961	-0.049882	-0.040690	-0.014297	0.299075	0.243083	0.443999	-0.158423	-0.059158	0.019704	0.021459	0.219793	0.214753	0.501241
2021-07-29 06:18:00.000000 	133.000000	56.930354	-158.618549	39.304961	-0.022227	0.014838	0.039711	0.274620	0.223215	0.407701	-0.138120	0.008857	-0.021920	0.041620	0.201826	0.197198	0.460261
2021-07-29 06:18:01.000000 	134.000000	56.930354	-158.618549	39.304961	-0.025022	0.038800	0.047020	0.337972	0.274719	0.501761	-0.172081	0.017986	-0.045252	0.044398	0.248390	0.242695	0.566446
2021-07-29 06:18:02.000000 	135.000000	56.930354	-158.618549	39.304961	-0.079113	-0.080228	-0.028216	0.355056	0.288616	0.527133	-0.178627	-0.101642	0.045864	0.032512	0.260951	0.254968	0.595087
2021-07-29 06:18:03.000000 	136.000000	56.930354	-158.618549	39.304961	-0.030814	0.017512	0.060543	0.263565	0.214253	0.391306	-0.120586	0.014340	-0.027541	0.062908	0.193713	0.189272	0.441750
2021-07-29 06:18:04.000000 	137.000000	56.930354	-158.618549	39.304961	-0.047787	-0.004394	0.036580	0.376193	0.305821	0.558531	-0.189892	-0.018672	-0.013330	0.055810	0.276498	0.270159	0.630530
2021-07-29 06:18:05.000000 	138.000000	56.930354	-158.618549	39.304961	0.011120	-0.017867	0.038965	0.330110	0.268369	0.490120	-0.175504	0.024480	0.020691	0.030557	0.242632	0.237071	0.553299
2021-07-29 06:18:06.000000 	139.000000	56.930354	-158.618549	39.304961	-0.050748	-0.024537	0.021350	0.284750	0.231501	0.422780	-0.139416	-0.035447	0.004346	0.048558	0.209297	0.204499	0.477276
2021-07-29 06:18:07.000000 	140.000000	56.930354	-158.618549	39.304961	-0.049534	0.001966	-0.002375	0.323167	0.262744	0.479827	-0.173786	-0.039348	-0.019890	0.022787	0.237539	0.232095	0.541675
2021-07-29 06:18:08.000000 	141.000000	56.930354	-158.618549	39.304961	-0.045189	-0.031396	0.071046	0.325726	0.264834	0.483633	-0.144506	-0.006087	0.012760	0.088743	0.239425	0.233938	0.545971
2021-07-29 06:18:09.000000 	142.000000	56.930354	-158.618549	39.304961	-0.017727	0.026283	0.069844	0.356912	0.290201	0.529946	-0.174865	0.032308	-0.030937	0.062309	0.262354	0.256341	0.598252
2021-07-29 06:18:10.000000 	143.000000	56.930354	-158.618549	39.304961	-0.029896	-0.011725	0.011885	0.304064	0.247240	0.451484	-0.162113	-0.020426	0.000019	0.027483	0.223512	0.218390	0.509674
2021-07-29 06:18:11.000000 	144.000000	56.930354	-158.618549	39.304961	-0.039623	-0.035645	0.016324	0.320461	0.260582	0.475838	-0.164051	-0.032902	0.018746	0.040903	0.235570	0.230172	0.537167
2021-07-29 06:18:12.000000 	145.000000	56.930354	-158.618549	39.304961	-0.016949	-0.031141	0.016855	0.287999	0.234195	0.427643	-0.151872	-0.013543	0.022819	0.028931	0.211712	0.206861	0.482759
2021-07-29 06:18:13.000000 	146.000000	56.930354	-158.618549	39.304961	-0.037282	-0.040196	0.034769	0.357619	0.290819	0.531029	-0.178642	-0.022401	0.023838	0.056076	0.262896	0.256872	0.599467
2021-07-29 06:18:14.000000 	147.000000	56.930354	-158.618549	39.304961	-0.053933	0.035160	0.056722	0.326797	0.265764	0.485269	-0.153047	-0.000393	-0.052403	0.067943	0.240243	0.234739	0.547808
2021-07-29 06:18:15.000000 	148.000000	56.930354	-158.618549	39.304961	-0.064214	-0.023233	0.008483	0.325012	0.264323	0.482627	-0.163474	-0.052578	-0.001777	0.044358	0.238937	0.233463	0.544824
2021-07-29 06:18:16.000000 	149.000000	56.930354	-158.618549	39.304961	-0.040283	-0.042773	-0.013824	0.320868	0.260963	0.476481	-0.173927	-0.052045	0.025143	0.017392	0.235895	0.230491	0.537884
2021-07-29 06:18:17.000000 	150.000000	56.930354	-158.618549	39.304961	-0.021780	-0.006761	0.017823	0.304093	0.247329	0.451576	-0.162644	-0.009336	-0.001645	0.027347	0.223567	0.218446	0.509769
2021-07-29 06:18:18.000000 	151.000000	56.930354	-158.618549	39.304961	-0.025822	-0.002259	0.013798	0.315220	0.256389	0.468108	-0.169997	-0.013311	-0.007311	0.025132	0.231753	0.226444	0.528430
2021-07-29 06:18:19.000000 	152.000000	56.930354	-158.618549	39.304961	-0.026404	0.022209	0.009479	0.300897	0.244748	0.446845	-0.164923	-0.008647	-0.030307	0.016941	0.221227	0.216160	0.504425
2021-07-29 06:18:20.000000 	153.000000	56.930354	-158.618549	39.304961	-0.028376	-0.019253	0.041992	0.326054	0.265220	0.484211	-0.162596	-0.005111	0.007583	0.053437	0.239728	0.234238	0.546604
2021-07-29 06:18:21.000000 	154.000000	56.930354	-158.618549	39.304961	-0.040488	0.014036	0.038161	0.289297	0.235330	0.429631	-0.142161	-0.006483	-0.027830	0.049759	0.212708	0.207836	0.484990
2021-07-29 06:18:22.000000 	155.000000	56.930354	-158.618549	39.304961	-0.052747	-0.004306	0.068993	0.372830	0.303292	0.553694	-0.173521	-0.004829	-0.015221	0.085474	0.274132	0.267854	0.625037
2021-07-29 06:18:23.000000 	156.000000	56.930354	-158.618549	39.304961	-0.049340	-0.014700	0.044596	0.341223	0.277591	0.506762	-0.165029	-0.018658	-0.004300	0.065366	0.250898	0.245153	0.572056
2021-07-29 06:18:24.000000 	157.000000	56.930354	-158.618549	39.304961	-0.030887	-0.014649	0.017794	0.320511	0.260751	0.476008	-0.168828	-0.018868	0.002380	0.033520	0.235673	0.230277	0.537338
2021-07-29 06:18:25.000000 	158.000000	56.930354	-158.618549	39.304961	-0.031169	-0.033877	0.027852	0.309524	0.251822	0.459698	-0.155970	-0.019474	0.020182	0.045917	0.227600	0.222388	0.518925
2021-07-29 06:18:26.000000 	159.000000	56.930354	-158.618549	39.304961	-0.027442	-0.012069	0.023949	0.315623	0.256794	0.468764	-0.164840	-0.012033	0.001233	0.036414	0.232090	0.226776	0.529158
2021-07-29 06:18:27.000000 	160.000000	56.930354	-158.618549	39.304961	-0.024810	-0.017742	0.011623	0.318945	0.259507	0.473705	-0.171655	-0.018438	0.007476	0.025875	0.234538	0.229168	0.534734
2021-07-29 06:18:28.000000 	161.000000	56.930354	-158.618549	39.304961	-0.053724	0.004933	0.022891	0.313561	0.255135	0.465715	-0.157671	-0.027925	-0.024180	0.045499	0.230584	0.225304	0.525712
2021-07-29 06:18:29.000000 	162.000000	56.930354	-158.618549	39.304961	-0.047071	0.006417	0.051966	0.323666	0.263368	0.480731	-0.154268	-0.006415	-0.023137	0.066188	0.238020	0.232571	0.542661
2021-07-29 06:18:30.000000 	163.000000	56.930354	-158.618549	39.304961	-0.045526	-0.018500	0.044641	0.333902	0.271707	0.495941	-0.161489	-0.016819	0.000629	0.064221	0.245553	0.239931	0.559830
2021-07-29 06:18:31.000000 	164.000000	56.930354	-158.618549	39.304961	-0.028047	-0.025171	0.004728	0.287453	0.233919	0.426958	-0.154097	-0.026996	0.013214	0.023220	0.211399	0.206560	0.481959
2021-07-29 06:18:32.000000 	165.000000	56.930354	-158.618549	39.304961	-0.023451	-0.013423	0.009597	0.266844	0.217156	0.396353	-0.143095	-0.017164	0.003950	0.022628	0.196247	0.191755	0.447410
2021-07-29 06:18:33.000000 	166.000000	56.930354	-158.618549	39.304961	-0.047868	-0.006694	0.041762	0.340292	0.276938	0.505455	-0.166845	-0.016611	-0.011218	0.060651	0.250269	0.244541	0.570564
2021-07-29 06:18:34.000000 	167.000000	56.930354	-158.618549	39.304961	-0.029664	-0.025352	0.050535	0.308811	0.251328	0.458702	-0.148070	-0.003318	0.012792	0.062465	0.227121	0.221923	0.517787
2021-07-29 06:18:35.000000 	168.000000	56.930354	-158.618549	39.304961	-0.033870	-0.000120	0.025459	0.308062	0.250728	0.457596	-0.159217	-0.012574	-0.012236	0.038568	0.226576	0.221390	0.516537
2021-07-29 06:18:36.000000 	169.000000	56.930354	-158.618549	39.304961	-0.037984	0.003389	-0.007178	0.267180	0.217463	0.396877	-0.146786	-0.032522	-0.017003	0.012611	0.196512	0.192015	0.447995
2021-07-29 06:18:37.000000 	170.000000	56.930354	-158.618549	39.304961	-0.056194	-0.004540	0.034754	0.350743	0.285487	0.521010	-0.173357	-0.026273	-0.016259	0.058580	0.257979	0.252075	0.588116
2021-07-29 06:18:38.000000 	171.000000	56.930354	-158.618549	39.304961	-0.033793	-0.004609	0.058879	0.326052	0.265400	0.484340	-0.155745	0.004350	-0.008029	0.067428	0.239823	0.234335	0.546721
2021-07-29 06:18:39.000000 	172.000000	56.930354	-158.618549	39.304961	-0.018516	-0.024625	0.013954	0.309861	0.252230	0.460296	-0.166335	-0.014358	0.016179	0.026000	0.227919	0.222704	0.519578
2021-07-29 06:18:40.000000 	173.000000	56.930354	-158.618549	39.304961	-0.040524	-0.004918	0.054237	0.309935	0.252301	0.460414	-0.146432	-0.003529	-0.010195	0.067020	0.227980	0.222763	0.519710
2021-07-29 06:18:41.000000 	174.000000	56.930354	-158.618549	39.304961	-0.050460	-0.009281	0.023332	0.310423	0.252708	0.461145	-0.155588	-0.029480	-0.009754	0.047038	0.228344	0.223119	0.520534
2021-07-29 06:18:42.000000 	175.000000	56.930354	-158.618549	39.304961	-0.042559	-0.011881	0.013047	0.313340	0.255092	0.465485	-0.163387	-0.029721	-0.004453	0.034921	0.230494	0.225221	0.525431
2021-07-29 06:18:43.000000 	176.000000	56.930354	-158.618549	39.304961	-0.030650	0.004437	0.044605	0.308250	0.250958	0.457930	-0.152891	0.001777	-0.015306	0.052070	0.226755	0.221568	0.516902
2021-07-29 06:18:44.000000 	177.000000	56.930354	-158.618549	39.304961	-0.027289	-0.028483	0.019812	0.327133	0.266341	0.485990	-0.171240	-0.019186	0.016574	0.036135	0.240652	0.235146	0.548574
2021-07-29 06:18:45.000000 	178.000000	56.930354	-158.618549	39.304961	-0.042699	-0.013792	0.020335	0.299959	0.244227	0.445627	-0.152591	-0.026437	-0.002725	0.041481	0.220667	0.215619	0.503011
2021-07-29 06:18:47.000000 	180.000000	56.930354	-158.618549	39.304961	-0.029774	-0.009509	0.016270	0.293846	0.239268	0.436558	0.184466	-0.017261	-0.002001	0.030654	0.216180	0.211235	0.492772
2021-07-29 06:18:48.000000 	181.000000	56.930354	-158.618549	39.304961	-0.032460	-0.013516	0.039443	0.313130	0.254980	0.465215	-0.155768	-0.007937	0.000751	0.052235	0.230372	0.225103	0.525116
2021-07-29 06:18:49.000000 	182.000000	56.930354	-158.618549	39.304961	-0.029492	0.020713	0.012618	0.305976	0.249164	0.454593	-0.165774	-0.009800	-0.030039	0.021438	0.225114	0.219965	0.513126
2021-07-29 06:18:50.000000 	183.000000	56.930354	-158.618549	39.304961	-0.044601	-0.027894	0.073248	0.291165	0.237112	0.432593	-0.124153	-0.003357	0.009714	0.089594	0.214222	0.209322	0.488292
2021-07-29 06:18:51.000000 	184.000000	56.930354	-158.618549	39.304961	-0.023193	-0.024511	0.038004	0.924067	0.752549	1.372938	-0.511845	-0.004850	0.014368	0.048508	0.679890	0.664341	1.549705
2021-07-29 06:18:52.000000 	185.000000	56.930354	-158.618549	39.304961	-0.025947	-0.003241	0.022452	0.310988	0.253275	0.462059	-0.164138	-0.008987	-0.006441	0.032644	0.228818	0.223585	0.521549
2021-07-29 06:18:53.000000 	186.000000	56.930354	-158.618549	39.304961	-0.046993	0.010258	0.012060	0.377534	0.307483	0.560940	-0.201785	-0.026955	-0.026684	0.031943	0.277787	0.271435	0.633158
2021-07-29 06:18:54.000000 	187.000000	56.930354	-158.618549	39.304961	-0.060435	-0.030921	0.047617	0.218378	0.177865	0.324471	-0.086547	-0.030623	0.006760	0.076762	0.160685	0.157011	0.366244
2021-07-29 06:18:55.000000 	188.000000	56.930354	-158.618549	39.304961	-0.035525	-0.011333	0.007023	0.352511	0.287125	0.523776	-0.190696	-0.027352	-0.002399	0.026190	0.259388	0.253457	0.591206
2021-07-29 06:18:56.000000 	189.000000	56.930354	-158.618549	39.304961	-0.036058	-0.003075	0.025744	0.275034	0.224027	0.408663	-0.139071	-0.015029	-0.010283	0.040506	0.202382	0.197755	0.461272
2021-07-29 06:18:57.000000 	190.000000	56.930354	-158.618549	39.304961	-0.026796	-0.001262	0.031926	0.320027	0.260686	0.475523	-0.165562	-0.003875	-0.008594	0.040620	0.235496	0.230112	0.536738
2021-07-29 06:18:58.000000 	191.000000	56.930354	-158.618549	39.304961	-0.032566	-0.023823	0.034965	0.285603	0.232654	0.424379	-0.140362	-0.013612	0.010311	0.050586	0.210169	0.205364	0.479008
2021-07-29 06:18:59.000000 	192.000000	56.930354	-158.618549	39.304961	-0.037850	-0.007848	0.027642	0.350053	0.285167	0.520153	-0.181017	-0.016850	-0.006492	0.043957	0.257603	0.251714	0.587109
2021-07-29 06:19:00.000000 	193.000000	56.930354	-158.618549	39.304961	-0.054960	-0.001823	0.041227	0.290320	0.236515	0.431401	-0.136205	-0.020949	-0.018339	0.062836	0.213651	0.208767	0.486931
2021-07-29 06:19:01.000000 	194.000000	56.930354	-158.618549	39.304961	-0.018344	-0.000813	0.012159	0.256448	0.208928	0.381074	-0.138905	-0.007928	-0.005931	0.019672	0.188728	0.184414	0.430124
2021-07-29 06:19:02.000000 	195.000000	56.930354	-158.618549	39.304961	-0.042327	-0.024763	0.044439	0.345014	0.281095	0.512688	-0.168368	-0.016346	0.007628	0.063673	0.253913	0.248109	0.578678
2021-07-29 06:19:03.000000 	196.000000	56.930354	-158.618549	39.304961	-0.043601	-0.014495	0.009420	0.238330	0.194183	0.354161	0.152335	-0.033312	-0.002399	0.032931	0.175403	0.171394	0.399745
2021-07-29 06:19:04.000000 	197.000000	56.930354	-158.618549	39.304961	-0.034190	-0.006919	0.046874	0.359030	0.292537	0.533531	-0.179677	-0.003217	-0.006022	0.058029	0.264241	0.258201	0.602200
2021-07-29 06:19:05.000000 	198.000000	56.930354	-158.618549	39.304961	-0.042475	0.013380	0.024465	0.260763	0.212477	0.387508	-0.130401	-0.015707	-0.027944	0.039422	0.191923	0.187536	0.437382
2021-07-29 06:19:06.000000 	199.000000	56.930354	-158.618549	39.304961	-0.026975	-0.020631	0.038305	0.334956	0.272943	0.497771	-0.169654	-0.006451	0.009377	0.049910	0.246535	0.240900	0.561833
2021-07-29 06:19:07.000000 	200.000000	56.930354	-158.618549	39.304961	-0.023031	-0.022100	0.034901	0.303569	0.247376	0.451133	-0.153638	-0.005679	0.012183	0.045346	0.223439	0.218332	0.509192
2021-07-29 06:19:08.000000 	201.000000	56.930354	-158.618549	39.304961	-0.053517	-0.007227	0.024917	0.297777	0.242666	0.442532	-0.146906	-0.030373	-0.012781	0.049511	0.219181	0.214172	0.499482
2021-07-29 06:19:09.000000 	202.000000	56.930354	-158.618549	39.304961	-0.051701	-0.003167	0.032053	0.789224	0.643182	1.172897	-0.430918	-0.023822	-0.015901	0.053760	0.580928	0.567652	1.323835
2021-07-29 06:19:10.000000 	203.000000	56.930354	-158.618549	39.304961	-0.034745	-0.028288	0.033941	0.314357	0.256197	0.467184	-0.156373	-0.017235	0.013674	0.051724	0.231396	0.226108	0.527304
2021-07-29 06:19:11.000000 	204.000000	56.930354	-158.618549	39.304961	-0.031920	0.006884	0.025435	0.298192	0.243032	0.443167	-0.154725	-0.008926	-0.018048	0.036164	0.219502	0.214486	0.500194
2021-07-29 06:19:12.000000 	205.000000	56.930354	-158.618549	39.304961	-0.040679	-0.005318	0.026804	0.290480	0.236756	0.431712	-0.146129	-0.018742	-0.009878	0.044189	0.213830	0.208944	0.487264
2021-07-29 06:19:13.000000 	206.000000	56.930354	-158.618549	39.304961	-0.032840	-0.013823	0.005328	0.327875	0.267245	0.487296	-0.177595	-0.026942	0.000899	0.023901	0.241364	0.235849	0.549998
2021-07-29 06:19:14.000000 	207.000000	56.930354	-158.618549	39.304961	-0.049821	-0.008924	0.054959	0.294014	0.239655	0.436976	-0.133950	-0.011614	-0.009854	0.073145	0.216442	0.211497	0.493202
2021-07-29 06:19:15.000000 	208.000000	56.930354	-158.618549	39.304961	-0.022132	-0.008551	0.040625	0.284143	0.231618	0.422312	-0.141803	0.002285	-0.000106	0.046990	0.209181	0.204402	0.476649
2021-07-29 06:19:16.000000 	209.000000	56.930354	-158.618549	39.304961	-0.024777	-0.017600	0.032649	0.317969	0.259202	0.472593	-0.163037	-0.006896	0.007355	0.043451	0.234089	0.228741	0.533399
2021-07-29 06:19:17.000000 	210.000000	56.930354	-158.618549	39.304961	-0.059613	-0.014092	0.027849	0.297673	0.242666	0.442434	-0.143118	-0.035627	-0.008612	0.056431	0.219153	0.214146	0.499357
2021-07-29 06:19:18.000000 	211.000000	56.930354	-158.618549	39.304961	-0.039925	-0.006087	0.023100	0.275777	0.224825	0.409894	-0.139172	-0.020410	-0.008888	0.040855	0.203037	0.198399	0.462630
2021-07-29 06:19:19.000000 	212.000000	56.930354	-158.618549	39.304961	-0.040662	0.000596	0.031249	0.328977	0.268206	0.488974	-0.167353	-0.014496	-0.015379	0.046729	0.242211	0.236678	0.551882
2021-07-29 06:19:20.000000 	213.000000	56.930354	-158.618549	39.304961	-0.034448	-0.006691	0.040688	0.274272	0.223615	0.407669	-0.132902	-0.006723	-0.006328	0.052931	0.201939	0.197326	0.460115
2021-07-29 06:19:21.000000 	214.000000	56.930354	-158.618549	39.304961	-0.015142	-0.008546	0.026255	0.318954	0.260055	0.474089	-0.169701	-0.000100	0.002437	0.031396	0.234843	0.229479	0.535079
2021-07-29 06:19:22.000000 	215.000000	56.930354	-158.618549	39.304961	-0.034296	-0.010700	0.031720	0.292372	0.238391	0.434584	-0.146696	-0.012723	-0.002540	0.046136	0.215276	0.210359	0.490490
2021-07-29 06:19:23.000000 	216.000000	56.930354	-158.618549	39.304961	-0.047863	-0.022700	0.032401	0.342540	0.279308	0.509162	-0.170386	-0.026604	0.003688	0.055987	0.252222	0.246461	0.574660
2021-07-29 06:19:24.000000 	217.000000	56.930354	-158.618549	39.304961	-0.038119	-0.008512	0.037112	0.257329	0.209835	0.382506	-0.123253	-0.012095	-0.005971	0.052161	0.189483	0.185155	0.431710
2021-07-29 06:19:25.000000 	218.000000	56.930354	-158.618549	39.304961	-0.055072	-0.004279	0.043040	0.296456	0.241749	0.440672	-0.138956	-0.020797	-0.016093	0.064902	0.218300	0.213314	0.497356
2021-07-29 06:19:26.000000 	219.000000	56.930354	-158.618549	39.304961	-0.030334	0.009055	0.014446	0.090805	0.074051	0.134981	0.062306	-0.013021	-0.019491	0.025718	0.066867	0.065340	0.152343
2021-07-29 06:19:27.000000 	220.000000	56.930354	-158.618549	39.304961	-0.036525	-0.014168	0.048787	0.309127	0.252103	0.459521	-0.148631	-0.006209	-0.000123	0.062261	0.227642	0.222443	0.518626
2021-07-29 06:19:28.000000 	221.000000	56.930354	-158.618549	39.304961	-0.033531	-0.017746	0.031940	0.300639	0.245190	0.446909	-0.150896	-0.014158	0.004300	0.047333	0.221397	0.216341	0.504391
2021-07-29 06:19:29.000000 	222.000000	56.930354	-158.618549	39.304961	-0.045210	-0.022130	0.029451	0.304952	0.248717	0.453326	-0.150475	-0.025969	0.004124	0.052054	0.224578	0.219450	0.511631
2021-07-29 06:19:30.000000 	223.000000	56.930354	-158.618549	39.304961	-0.053168	-0.011616	0.007509	0.343873	0.280472	0.511191	-0.180162	-0.040940	-0.008567	0.035619	0.253248	0.247465	0.576937
2021-07-29 06:19:31.000000 	224.000000	56.930354	-158.618549	39.304961	-0.038529	-0.004368	0.035083	0.276622	0.225629	0.411224	-0.135590	-0.012256	-0.009979	0.049845	0.203726	0.199074	0.464111
2021-07-29 06:19:32.000000 	225.000000	56.930354	-158.618549	39.304961	-0.029518	0.000585	0.027844	0.347897	0.283776	0.517187	-0.182952	-0.007662	-0.011307	0.038216	0.256224	0.250373	0.583700
2021-07-29 06:19:33.000000 	226.000000	56.930354	-158.618549	39.304961	-0.053426	-0.008359	0.048122	0.688566	0.561679	1.023643	-0.365416	-0.017985	-0.011694	0.069135	0.507138	0.495558	1.155285
2021-07-29 06:19:34.000000 	227.000000	56.930354	-158.618549	39.304961	-0.032935	-0.005411	0.030110	0.327858	0.267451	0.487410	-0.168924	-0.010923	-0.006969	0.043043	0.241478	0.235964	0.550089
2021-07-29 06:19:35.000000 	228.000000	56.930354	-158.618549	39.304961	-0.026376	-0.025605	0.044184	0.281967	0.230025	0.419193	-0.136098	-0.004295	0.014227	0.055522	0.207683	0.202942	0.473098
2021-07-29 06:19:36.000000 	229.000000	56.930354	-158.618549	39.304961	-0.034292	-0.014835	0.020206	0.342201	0.279174	0.508747	-0.179812	-0.020266	0.001312	0.037308	0.252055	0.246300	0.574167
2021-07-29 06:19:37.000000 	230.000000	56.930354	-158.618549	39.304961	-0.044687	-0.003566	0.039927	0.292898	0.238961	0.435455	-0.141417	-0.014174	-0.012971	0.056874	0.215746	0.210820	0.491448
2021-07-29 06:19:38.000000 	231.000000	56.930354	-158.618549	39.304961	-0.034875	-0.010570	0.035940	0.344955	0.281443	0.512855	-0.175525	-0.010833	-0.002872	0.049941	0.254097	0.248296	0.578800
2021-07-29 06:19:39.000000 	232.000000	56.930354	-158.618549	39.304961	-0.020698	-0.005349	0.034519	0.305659	0.249392	0.454438	-0.157590	0.001051	-0.002565	0.040508	0.225156	0.220016	0.512869
2021-07-29 06:19:40.000000 	233.000000	56.930354	-158.618549	39.304961	-0.055139	-0.004887	0.036995	0.247151	0.201662	0.367456	-0.112353	-0.024332	-0.015552	0.059991	0.182062	0.177906	0.414702
2021-07-29 06:19:41.000000 	234.000000	56.930354	-158.618549	39.304961	-0.041865	-0.006763	0.040497	0.393305	0.320930	0.584762	-0.200253	-0.012638	-0.008965	0.056554	0.289734	0.283120	0.659946
2021-07-29 06:19:42.000000 	235.000000	56.930354	-158.618549	39.304961	-0.031557	-0.007573	0.021219	0.250975	0.204799	0.373152	-0.127901	-0.015361	-0.004453	0.035322	0.184889	0.180669	0.421127
2021-07-29 06:19:43.000000 	236.000000	56.930354	-158.618549	39.304961	-0.022743	-0.015089	0.036915	0.334158	0.272688	0.496836	-0.171657	-0.002214	0.005759	0.045492	0.246175	0.240556	0.560711
2021-07-29 06:19:44.000000 	237.000000	56.930354	-158.618549	39.304961	-0.054460	-0.009872	0.038706	0.274877	0.224321	0.408700	-0.127795	-0.024393	-0.010663	0.062072	0.202508	0.197885	0.461243
2021-07-29 06:19:45.000000 	238.000000	56.930354	-158.618549	39.304961	-0.048240	-0.011810	0.025704	0.103428	0.084409	0.153784	0.079232	-0.027226	-0.006589	0.048400	0.076200	0.074460	0.173554
2021-07-29 06:19:46.000000 	239.000000	56.930354	-158.618549	39.304961	-0.048250	-0.008720	0.023693	0.296189	0.241732	0.440399	-0.148139	-0.027387	-0.009471	0.046105	0.218220	0.213239	0.497014
2021-07-29 06:19:47.000000 	240.000000	56.930354	-158.618549	39.304961	-0.032934	-0.019212	0.039852	0.305566	0.249395	0.454347	-0.150689	-0.009823	0.005883	0.053951	0.225134	0.219996	0.512753
2021-07-29 06:19:48.000000 	241.000000	56.930354	-158.618549	39.304961	-0.027236	-0.007825	0.021490	0.300998	0.245677	0.447561	-0.158139	-0.011918	-0.002644	0.033404	0.221775	0.216713	0.505093
2021-07-29 06:19:49.000000 	242.000000	56.930354	-158.618549	39.304961	-0.040680	-0.007807	0.019739	0.312821	0.255337	0.465147	-0.161800	-0.023359	-0.007561	0.038764	0.230492	0.225232	0.524938
2021-07-29 06:19:50.000000 	243.000000	56.930354	-158.618549	39.304961	-0.067233	-0.003433	0.047817	0.314719	0.256897	0.467977	-0.144045	-0.027421	-0.021315	0.074915	0.231897	0.226605	0.528129
2021-07-29 06:19:51.000000 	244.000000	56.930354	-158.618549	39.304961	-0.030820	0.005513	0.033903	0.746936	0.609728	1.110681	-0.412457	-0.003866	-0.016370	0.042974	0.550384	0.537824	1.253441
2021-07-29 06:19:52.000000 	245.000000	56.930354	-158.618549	39.304961	-0.029962	-0.014458	0.037675	0.336890	0.275016	0.500957	-0.171147	-0.007239	0.002540	0.049672	0.248246	0.242581	0.565345
2021-07-29 06:19:53.000000 	246.000000	56.930354	-158.618549	39.304961	-0.038692	-0.018544	0.038529	0.302667	0.247088	0.450072	-0.148025	-0.014834	0.003162	0.055636	0.223034	0.217944	0.507919
2021-07-29 06:19:54.000000 	247.000000	56.930354	-158.618549	39.304961	-0.022086	-0.007254	0.031323	0.304904	0.248925	0.453405	-0.157967	-0.002359	-0.001297	0.038914	0.224688	0.219561	0.511678
2021-07-29 06:19:55.000000 	248.000000	56.930354	-158.618549	39.304961	-0.046054	-0.007054	0.040462	0.317410	0.259144	0.472007	-0.154882	-0.016014	-0.010221	0.058711	0.233910	0.228572	0.532669
2021-07-29 06:19:56.000000 	249.000000	56.930354	-158.618549	39.304961	-0.035584	-0.015852	0.043905	0.289076	0.236021	0.429878	-0.139136	-0.008653	0.001788	0.058026	0.213035	0.208174	0.485124
2021-07-29 06:19:57.000000 	250.000000	56.930354	-158.618549	39.304961	-0.020467	-0.017698	0.037471	0.318923	0.260401	0.474270	-0.162927	-0.000932	0.009018	0.045321	0.235038	0.229675	0.535219
2021-07-29 06:19:58.000000 	251.000000	56.930354	-158.618549	39.304961	-0.034179	-0.013621	0.034716	0.299496	0.244548	0.445385	-0.149531	-0.011889	0.000223	0.049168	0.220726	0.215690	0.502621
2021-07-29 06:19:59.000000 	252.000000	56.930354	-158.618549	39.304961	-0.053081	-0.006067	0.030687	0.338416	0.276339	0.503270	-0.168936	-0.026530	-0.013703	0.053894	0.249417	0.243726	0.567942
2021-07-29 06:20:00.000000 	253.000000	56.930354	-158.618549	39.304961	-0.064155	-0.002622	0.027817	0.343391	0.280413	0.510676	-0.169687	-0.035685	-0.020948	0.056430	0.253090	0.247316	0.576298
2021-07-29 06:20:01.000000 	254.000000	56.930354	-158.618549	39.304961	-0.055811	-0.006983	0.019695	0.284983	0.232726	0.423819	-0.140833	-0.034938	-0.013845	0.046251	0.210047	0.205255	0.478278
2021-07-29 06:20:02.000000 	255.000000	56.930354	-158.618549	39.304961	-0.046916	-0.004896	0.017288	0.283415	0.231455	0.421493	-0.143933	-0.028673	-0.012545	0.039299	0.208897	0.204131	0.475652
2021-07-29 06:20:03.000000 	256.000000	56.930354	-158.618549	39.304961	-0.029710	-0.013945	0.027433	0.345916	0.282509	0.514450	-0.180655	-0.012475	0.002153	0.040859	0.254972	0.249155	0.580551
2021-07-29 06:20:04.000000 	257.000000	56.930354	-158.618549	39.304961	-0.036064	-0.004811	0.051146	0.151996	0.124140	0.226054	0.116131	-0.001704	-0.008668	0.062142	0.112038	0.109482	0.255098
2021-07-29 06:20:05.000000 	258.000000	56.930354	-158.618549	39.304961	-0.022513	-0.012507	0.051732	0.276417	0.225768	0.411102	-0.132375	0.006840	0.003439	0.057279	0.203756	0.199108	0.463920
2021-07-29 06:20:06.000000 	259.000000	56.930354	-158.618549	39.304961	-0.030898	-0.004601	0.048562	0.298721	0.243994	0.444279	-0.145271	0.000982	-0.006980	0.057309	0.220203	0.215179	0.501358
2021-07-29 06:20:07.000000 	260.000000	56.930354	-158.618549	39.304961	-0.042212	-0.012176	0.042062	0.321376	0.262509	0.477978	-0.157257	-0.013708	-0.004052	0.059118	0.236909	0.231504	0.539385
2021-07-29 06:20:08.000000 	261.000000	56.930354	-158.618549	39.304961	-0.032173	-0.030767	0.036383	0.378102	0.308857	0.562353	-0.193185	-0.014653	0.016920	0.052957	0.278733	0.272375	0.634597
2021-07-29 06:20:09.000000 	262.000000	56.930354	-158.618549	39.304961	-0.033997	-0.012296	0.032052	0.763096	0.623369	1.134970	-0.420244	-0.012796	-0.000945	0.046580	0.562562	0.549730	1.280774
2021-07-29 06:20:10.000000 	263.000000	56.930354	-158.618549	39.304961	-0.029351	-0.006787	0.033575	0.326334	0.266591	0.485370	-0.167686	-0.006657	-0.004381	0.044400	0.240583	0.235096	0.547721
2021-07-29 06:20:11.000000 	264.000000	56.930354	-158.618549	39.304961	-0.062104	0.002956	0.034696	0.314175	0.256668	0.467291	-0.151045	-0.028626	-0.025394	0.060043	0.231626	0.226342	0.527318
2021-07-29 06:20:12.000000 	265.000000	56.930354	-158.618549	39.304961	-0.056023	0.003276	0.014862	0.260506	0.212832	0.387471	-0.128978	-0.034606	-0.023475	0.040268	0.192063	0.187683	0.437243
2021-07-29 06:20:13.000000 	266.000000	56.930354	-158.618549	39.304961	-0.044944	-0.000059	0.037934	0.390654	0.319175	0.581058	-0.199609	-0.014390	-0.016331	0.054637	0.288026	0.281456	0.655695
2021-07-29 06:20:14.000000 	267.000000	56.930354	-158.618549	39.304961	-0.047493	-0.019101	0.036169	0.298789	0.244128	0.444423	-0.144136	-0.023160	0.000472	0.058241	0.220300	0.215276	0.501507
2021-07-29 06:20:15.000000 	268.000000	56.930354	-158.618549	39.304961	-0.036828	-0.013147	0.049332	0.301357	0.246236	0.448248	-0.144114	-0.005836	-0.001184	0.062668	0.222200	0.217132	0.505822
2021-07-29 06:20:16.000000 	269.000000	56.930354	-158.618549	39.304961	-0.024011	-0.023086	0.031423	0.311600	0.254616	0.463490	-0.159625	-0.008644	0.012743	0.043125	0.229759	0.224518	0.523019
2021-07-29 06:20:17.000000 	270.000000	56.930354	-158.618549	39.304961	-0.034491	-0.012307	0.032834	0.330304	0.269911	0.491318	-0.168355	-0.012758	-0.001115	0.047488	0.243557	0.238002	0.554419
2021-07-29 06:20:18.000000 	271.000000	56.930354	-158.618549	39.304961	-0.047184	-0.002656	0.045336	0.277698	0.226932	0.413073	-0.129855	-0.012892	-0.014729	0.062495	0.204772	0.200102	0.466123
2021-07-29 06:20:19.000000 	272.000000	56.930354	-158.618549	39.304961	-0.046164	-0.003356	0.035972	0.326058	0.266463	0.485014	-0.162104	-0.017420	-0.013705	0.054269	0.240440	0.234956	0.547302
2021-07-29 06:20:20.000000 	273.000000	56.930354	-158.618549	39.304961	-0.044246	-0.019160	0.041098	0.352082	0.287742	0.523731	-0.174293	-0.017954	0.001710	0.060733	0.259637	0.253716	0.590989
2021-07-29 06:20:21.000000 	274.000000	56.930354	-158.618549	39.304961	-0.036623	-0.000087	0.040684	0.293813	0.240131	0.437060	-0.144479	-0.006405	-0.013271	0.052720	0.216674	0.211732	0.493187
2021-07-29 06:20:22.000000 	275.000000	56.930354	-158.618549	39.304961	-0.026385	-0.011669	0.026871	0.327045	0.267302	0.486499	-0.171149	-0.009492	0.001246	0.038246	0.241187	0.235687	0.548973
2021-07-29 06:20:23.000000 	276.000000	56.930354	-158.618549	39.304961	-0.049565	-0.010682	0.033418	0.320083	0.261622	0.476148	-0.157939	-0.023706	-0.008123	0.055314	0.236059	0.230676	0.537290
2021-07-29 06:20:24.000000 	277.000000	56.930354	-158.618549	39.304961	-0.056718	-0.021152	0.052372	0.308880	0.252476	0.459489	-0.140709	-0.022144	-0.000982	0.076914	0.227803	0.222609	0.518490
2021-07-29 06:20:25.000000 	278.000000	56.930354	-158.618549	39.304961	-0.023221	-0.006130	0.028333	0.332523	0.271812	0.494666	-0.175179	-0.004533	-0.002758	0.036761	0.245247	0.239655	0.558182
2021-07-29 06:20:26.000000 	279.000000	56.930354	-158.618549	39.304961	-0.039754	-0.017656	0.041813	0.283461	0.231717	0.421686	-0.135455	-0.013599	0.001948	0.058751	0.209068	0.204301	0.475830
2021-07-29 06:20:27.000000 	280.000000	56.930354	-158.618549	39.304961	-0.030882	0.006028	0.035937	0.366461	0.299578	0.545166	-0.190843	-0.002647	-0.016872	0.044608	0.270293	0.264130	0.615162
2021-07-29 06:20:28.000000 	281.000000	56.930354	-158.618549	39.304961	-0.034793	-0.002806	0.027899	0.300812	0.245921	0.447508	-0.154002	-0.012783	-0.010072	0.041616	0.221878	0.216819	0.504964
2021-07-29 06:20:29.000000 	282.000000	56.930354	-158.618549	39.304961	-0.059833	-0.022180	0.055400	0.268351	0.219392	0.399222	-0.114648	-0.023237	-0.001160	0.081239	0.197940	0.193427	0.450476
2021-07-29 06:20:30.000000 	283.000000	56.930354	-158.618549	39.304961	-0.032838	-0.018087	0.051783	0.330196	0.269965	0.491235	-0.160554	-0.002894	0.004870	0.063677	0.243566	0.238012	0.554300
2021-07-29 06:20:31.000000 	284.000000	56.930354	-158.618549	39.304961	-0.033120	-0.001655	0.005604	0.310638	0.253985	0.462143	-0.168958	-0.023292	-0.010534	0.021854	0.229145	0.223920	0.521472
2021-07-29 06:20:32.000000 	285.000000	56.930354	-158.618549	39.304961	-0.068401	-0.006189	0.054441	0.316869	0.259090	0.471419	-0.142322	-0.025560	-0.019174	0.081609	0.233748	0.228418	0.531936
2021-07-29 06:20:33.000000 	286.000000	56.930354	-158.618549	39.304961	-0.051001	-0.000577	0.035187	0.352343	0.288107	0.524201	-0.176604	-0.020774	-0.018056	0.055516	0.259924	0.253997	0.591492
2021-07-29 06:20:34.000000 	287.000000	56.930354	-158.618549	39.304961	-0.050733	-0.006785	0.034070	0.087100	0.071223	0.129585	-0.018525	-0.023071	-0.012178	0.055678	0.064255	0.062790	0.146219
2021-07-29 06:20:35.000000 	288.000000	56.930354	-158.618549	39.304961	-0.033737	-0.024178	0.033101	0.311980	0.255124	0.464162	-0.156513	-0.015651	0.010214	0.049691	0.230161	0.224913	0.523742
2021-07-29 06:20:36.000000 	289.000000	56.930354	-158.618549	39.304961	-0.014254	0.002158	0.030552	0.348673	0.285141	0.518759	-0.186812	0.006207	-0.007206	0.032416	0.257238	0.251373	0.585345
2021-07-29 06:20:37.000000 	290.000000	56.930354	-158.618549	39.304961	-0.047731	-0.006847	0.060518	0.288791	0.236180	0.429671	-0.129769	-0.006316	-0.011026	0.076329	0.213065	0.208208	0.484820
2021-07-29 06:20:38.000000 	291.000000	56.930354	-158.618549	39.304961	-0.031453	-0.017416	0.028658	0.275476	0.225300	0.409865	-0.138450	-0.014227	0.004750	0.043461	0.203247	0.198614	0.462471
2021-07-29 06:20:39.000000 	292.000000	56.930354	-158.618549	39.304961	-0.053502	-0.011461	0.057677	0.397967	0.325494	0.592121	-0.192685	-0.013779	-0.008834	0.077798	0.293631	0.286937	0.668116
2021-07-29 06:20:40.000000 	293.000000	56.930354	-158.618549	39.304961	-0.031139	-0.007346	0.040799	0.262734	0.214897	0.390917	-0.127313	-0.004281	-0.004512	0.051474	0.193858	0.189438	0.441087
2021-07-29 06:20:41.000000 	294.000000	56.930354	-158.618549	39.304961	-0.045987	-0.000998	0.032965	0.362123	0.296201	0.538801	-0.184705	-0.018203	-0.015837	0.051189	0.267199	0.261108	0.607949
2021-07-29 06:20:42.000000 	295.000000	56.930354	-158.618549	39.304961	-0.041564	-0.012332	0.033709	0.262126	0.214417	0.390021	-0.126295	-0.017808	-0.003670	0.051820	0.193420	0.189011	0.440073
2021-07-29 06:20:43.000000 	296.000000	56.930354	-158.618549	39.304961	-0.032804	-0.009866	0.017308	0.371351	0.303775	0.552545	-0.199199	-0.019168	-0.002773	0.033134	0.274024	0.267777	0.623453
2021-07-29 06:20:44.000000 	297.000000	56.930354	-158.618549	39.304961	-0.046358	-0.019946	0.056966	0.307030	0.251168	0.456844	-0.141073	-0.011184	0.001672	0.075261	0.226567	0.221402	0.515469
2021-07-29 06:20:45.000000 	298.000000	56.930354	-158.618549	39.304961	-0.049032	-0.016854	0.031726	0.280079	0.229131	0.416749	-0.134815	-0.026099	-0.002181	0.054852	0.206686	0.201974	0.470226
2021-07-29 06:20:46.000000 	299.000000	56.930354	-158.618549	39.304961	-0.050451	-0.010071	0.053275	0.321025	0.262639	0.477680	-0.150552	-0.013375	-0.009015	0.072282	0.236909	0.231508	0.538974
2021-07-29 06:20:47.000000 	300.000000	56.930354	-158.618549	39.304961	-0.039381	0.006724	0.020112	0.373469	0.305557	0.555721	-0.198946	-0.017701	-0.020619	0.035526	0.275619	0.269336	0.627027
2021-07-29 06:20:48.000000 	301.000000	56.930354	-158.618549	39.304961	-0.037485	0.005358	0.044915	0.247106	0.202181	0.367698	-0.115683	-0.003106	-0.018655	0.055620	0.182369	0.178212	0.414877
2021-07-29 06:20:49.000000 	302.000000	56.930354	-158.618549	39.304961	-0.033948	-0.006943	0.041707	0.318126	0.260299	0.473382	-0.158545	-0.005854	-0.005911	0.053581	0.234790	0.229437	0.534119
2021-07-29 06:20:50.000000 	303.000000	56.930354	-158.618549	39.304961	-0.034363	-0.008698	0.046848	0.336447	0.275302	0.500650	-0.166866	-0.003909	-0.004429	0.058449	0.248318	0.242658	0.564884
2021-07-29 06:20:51.000000 	304.000000	56.930354	-158.618549	39.304961	-0.051990	-0.002748	0.052048	0.272831	0.223256	0.405990	-0.122959	-0.013009	-0.016396	0.070579	0.201371	0.196781	0.458077
2021-07-29 06:20:52.000000 	305.000000	56.930354	-158.618549	39.304961	-0.031434	-0.004917	0.013736	0.353977	0.289669	0.526747	-0.191397	-0.018536	-0.006882	0.028460	0.261271	0.255316	0.594324
2021-07-29 06:20:53.000000 	306.000000	56.930354	-158.618549	39.304961	-0.059506	-0.021777	0.053322	0.298668	0.244419	0.444448	-0.133555	-0.023992	-0.001416	0.079252	0.220455	0.215429	0.501465
2021-07-29 06:20:54.000000 	307.000000	56.930354	-158.618549	39.304961	-0.034245	-0.009310	0.038487	0.295562	0.241886	0.439831	-0.146405	-0.008566	-0.003816	0.051504	0.218168	0.213195	0.496253
2021-07-29 06:20:55.000000 	308.000000	56.930354	-158.618549	39.304961	-0.037216	-0.010526	0.035970	0.302964	0.247954	0.450851	-0.150772	-0.012629	-0.003767	0.051146	0.223638	0.218541	0.508685
2021-07-29 06:20:56.000000 	309.000000	56.930354	-158.618549	39.304961	-0.031717	-0.021224	0.051874	0.313664	0.256722	0.466779	-0.150951	-0.002929	0.008200	0.063808	0.231543	0.226266	0.526655
2021-07-29 06:20:57.000000 	310.000000	56.930354	-158.618549	39.304961	-0.035453	-0.016588	0.033652	0.301398	0.246693	0.448530	-0.150651	-0.014370	0.002521	0.049515	0.222495	0.217424	0.506063
2021-07-29 06:20:58.000000 	311.000000	56.930354	-158.618549	39.304961	-0.038576	-0.015299	0.060391	0.305319	0.249913	0.454370	-0.141391	-0.001823	0.000182	0.073252	0.225396	0.220259	0.512651
2021-07-29 06:20:59.000000 	312.000000	56.930354	-158.618549	39.304961	-0.038590	0.008510	0.025345	0.296987	0.243103	0.441976	-0.152653	-0.013683	-0.021993	0.039154	0.219252	0.214255	0.498665
2021-07-29 06:21:00.000000 	313.000000	56.930354	-158.618549	39.304961	-0.045172	-0.005637	0.036287	0.322976	0.264388	0.480658	-0.160487	-0.017172	-0.011219	0.054482	0.238446	0.233011	0.542307
2021-07-29 06:21:01.000000 	314.000000	56.930354	-158.618549	39.304961	-0.068208	-0.005918	0.040282	0.305997	0.250499	0.455394	-0.141628	-0.033052	-0.019356	0.069590	0.225917	0.220768	0.513800
2021-07-29 06:21:02.000000 	315.000000	56.930354	-158.618549	39.304961	-0.048743	0.004187	0.029309	0.318670	0.260885	0.474261	-0.160399	-0.020764	-0.021669	0.048494	0.235281	0.229918	0.535084
2021-07-29 06:21:03.000000 	316.000000	56.930354	-158.618549	39.304961	-0.043740	-0.003472	0.027043	0.347503	0.284501	0.517177	-0.179064	-0.020436	-0.012714	0.045577	0.256576	0.250728	0.583503
2021-07-29 06:21:04.000000 	317.000000	56.930354	-158.618549	39.304961	-0.043179	-0.013461	0.057206	0.236854	0.193921	0.352506	-0.101535	-0.006592	-0.003207	0.072556	0.174885	0.170899	0.397711
2021-07-29 06:21:05.000000 	318.000000	56.930354	-158.618549	39.304961	-0.021496	-0.012481	0.032502	0.329916	0.270125	0.491013	-0.171997	-0.002852	0.003785	0.040642	0.243605	0.238053	0.553979
2021-07-29 06:21:06.000000 	319.000000	56.930354	-158.618549	39.304961	-0.023582	-0.010919	0.044614	0.325428	0.266461	0.484340	-0.164077	0.002606	0.001570	0.051541	0.240299	0.234822	0.546448
2021-07-29 06:21:07.000000 	320.000000	56.930354	-158.618549	39.304961	-0.031795	-0.029553	0.055234	0.303028	0.248131	0.451007	-0.142364	-0.003701	0.015927	0.068321	0.223765	0.218665	0.508838
2021-07-29 06:21:08.000000 	321.000000	56.930354	-158.618549	39.304961	-0.037206	-0.011831	0.039023	0.328322	0.268853	0.488657	-0.164289	-0.011355	-0.002548	0.053960	0.242450	0.236924	0.551315
2021-07-29 06:21:09.000000 	322.000000	56.930354	-158.618549	39.304961	-0.040346	-0.002612	0.048958	0.271270	0.222145	0.403749	-0.126886	-0.005567	-0.012277	0.062047	0.200326	0.195760	0.455518
2021-07-29 06:21:10.000000 	323.000000	56.930354	-158.618549	39.304961	-0.055559	0.000816	0.048045	0.381728	0.312612	0.568156	-0.187665	-0.016889	-0.021016	0.068329	0.281905	0.275480	0.641003
2021-07-29 06:21:11.000000 	324.000000	56.930354	-158.618549	39.304961	-0.055541	-0.002130	0.030274	0.256631	0.210174	0.381969	-0.120941	-0.027472	-0.018266	0.054014	0.189527	0.185207	0.430941
2021-07-29 06:21:12.000000 	325.000000	56.930354	-158.618549	39.304961	-0.054802	-0.013891	0.023159	0.282030	0.230985	0.419777	-0.137783	-0.034370	-0.007045	0.050016	0.208291	0.203544	0.473596
2021-07-29 06:21:13.000000 	326.000000	56.930354	-158.618549	39.304961	-0.040030	-0.007602	0.030041	0.363201	0.297477	0.540598	-0.187822	-0.017167	-0.007516	0.047026	0.268247	0.262133	0.609905
2021-07-29 06:21:14.000000 	327.000000	56.930354	-158.618549	39.304961	-0.047716	-0.011640	0.046708	0.253091	0.207300	0.376711	-0.114189	-0.015304	-0.006557	0.065702	0.186929	0.182669	0.425005
2021-07-29 06:21:15.000000 	328.000000	56.930354	-158.618549	39.304961	-0.033050	-0.005136	0.051579	0.278105	0.227798	0.413948	-0.131678	0.000785	-0.007267	0.061038	0.205410	0.200729	0.467014
2021-07-29 06:21:16.000000 	329.000000	56.930354	-158.618549	39.304961	-0.035073	-0.008827	0.047189	0.326602	0.267534	0.486139	-0.160921	-0.004317	-0.004567	0.059122	0.241238	0.235740	0.548457
2021-07-29 06:21:17.000000 	330.000000	56.930354	-158.618549	39.304961	-0.036932	-0.018585	0.036071	0.314697	0.257793	0.468423	-0.156914	-0.014815	0.003842	0.052691	0.232451	0.227154	0.528468
2021-07-29 06:21:18.000000 	331.000000	56.930354	-158.618549	39.304961	-0.033926	-0.005202	0.030585	0.298547	0.244573	0.444389	-0.151893	-0.011374	-0.007525	0.043903	0.220529	0.215503	0.501351
2021-07-29 06:21:19.000000 	332.000000	56.930354	-158.618549	39.304961	-0.052161	-0.009257	0.049031	0.268867	0.220268	0.400215	-0.121391	-0.016777	-0.010396	0.069433	0.198611	0.194085	0.451513
2021-07-29 06:21:20.000000 	333.000000	56.930354	-158.618549	39.304961	-0.045866	-0.000233	0.048949	0.321129	0.263095	0.478012	-0.154699	-0.009153	-0.016504	0.064371	0.237224	0.231818	0.539280
2021-07-29 06:21:21.000000 	334.000000	56.930354	-158.618549	39.304961	-0.041074	-0.011887	0.052328	0.350208	0.286931	0.521304	-0.170694	-0.007130	-0.003905	0.067086	0.258714	0.252817	0.588119
2021-07-29 06:21:22.000000 	335.000000	56.930354	-158.618549	39.304961	-0.033884	-0.007626	0.043369	0.276683	0.226700	0.411862	-0.133806	-0.005106	-0.005252	0.055077	0.204404	0.199745	0.464648
