2021-07-29 06:12:43.000000 	-184.000000	55.908671	-160.407284	407.148991	-0.025930	-0.010056	0.006479	0.295388	0.238570	0.436762	-0.160252	-0.019392	0.000779	0.020949	0.216996	0.212900	0.492460
2021-07-29 06:12:44.000000 	-183.000000	55.908671	-160.407284	407.148991	-0.036380	-0.020587	0.016059	0.341518	0.275836	0.504984	-0.179112	-0.025099	0.007195	0.036380	0.250886	0.246151	0.569381
2021-07-29 06:12:45.000000 	-182.000000	55.908671	-160.407284	407.148991	-0.043806	-0.009232	0.027356	0.279609	0.225840	0.413452	-0.137871	-0.021407	-0.005992	0.047523	0.205407	0.201532	0.466176
2021-07-29 06:12:46.000000 	-181.000000	55.908671	-160.407284	407.148991	-0.034143	-0.016067	0.014545	0.327818	0.264786	0.484750	-0.172931	-0.022948	0.003688	0.033095	0.240824	0.236282	0.546565
2021-07-29 06:12:47.000000 	-180.000000	55.908671	-160.407284	407.148991	-0.032733	-0.004187	0.017237	0.322960	0.260870	0.477578	-0.170745	-0.017040	-0.007032	0.032347	0.237257	0.232783	0.538478
2021-07-29 06:12:48.000000 	-179.000000	55.908671	-160.407284	407.148991	-0.043003	-0.023668	0.022218	0.330648	0.267088	0.488959	-0.168136	-0.027670	0.007877	0.045557	0.242906	0.238327	0.551309
2021-07-29 06:12:49.000000 	-178.000000	55.908671	-160.407284	407.148991	-0.017447	-0.012150	0.000573	0.309265	0.249823	0.457350	-0.172667	-0.016665	0.005596	0.011971	0.227199	0.222917	0.515669
2021-07-29 06:12:50.000000 	-177.000000	55.908671	-160.407284	407.148991	-0.042787	-0.007962	0.015302	0.302123	0.244061	0.446799	-0.156052	-0.027016	-0.006847	0.036763	0.221953	0.217772	0.503771
2021-07-29 06:12:51.000000 	-176.000000	55.908671	-160.407284	407.148991	-0.022237	-0.012298	0.006294	0.326610	0.263850	0.483024	-0.179184	-0.017236	0.004129	0.019266	0.239944	0.235425	0.544614
2021-07-29 06:12:52.000000 	-175.000000	55.908671	-160.407284	407.148991	-0.044147	-0.015661	0.029503	0.319241	0.257904	0.472138	-0.159306	-0.022255	-0.000050	0.050689	0.234532	0.230116	0.532339
2021-07-29 06:12:53.000000 	-174.000000	55.908671	-160.407284	407.148991	-0.033213	-0.016420	0.019541	0.306178	0.247359	0.452830	-0.158672	-0.019520	0.004332	0.036807	0.224936	0.220702	0.510569
2021-07-29 06:12:54.000000 	-173.000000	55.908671	-160.407284	407.148991	-0.035377	-0.010146	-0.003660	0.340600	0.275176	0.503752	-0.187574	-0.032470	-0.002305	0.017557	0.250226	0.245518	0.567982
2021-07-29 06:12:55.000000 	-172.000000	55.908671	-160.407284	407.148991	-0.033100	-0.012027	0.031292	0.354126	0.286113	0.523771	-0.182360	-0.011625	0.000232	0.045654	0.260166	0.255271	0.590553
2021-07-29 06:12:56.000000 	-171.000000	55.908671	-160.407284	407.148991	-0.033163	-0.012639	0.022043	0.265245	0.214309	0.392321	-0.134395	-0.017028	0.000786	0.038143	0.194869	0.191204	0.442342
2021-07-29 06:12:57.000000 	-170.000000	55.908671	-160.407284	407.148991	-0.027438	-0.009833	-0.000398	0.310560	0.250929	0.459356	-0.171275	-0.024361	0.000063	0.016008	0.228161	0.223871	0.517923
2021-07-29 06:12:58.000000 	-169.000000	55.908671	-160.407284	407.148991	-0.040511	-0.011719	0.026682	0.332801	0.268908	0.492266	-0.169774	-0.019906	-0.002544	0.045692	0.244503	0.239908	0.555029
2021-07-29 06:12:59.000000 	-168.000000	55.908671	-160.407284	407.148991	-0.030028	-0.010417	0.011691	0.354493	0.286444	0.524366	-0.191309	-0.019768	-0.000255	0.027496	0.260442	0.255548	0.591219
2021-07-29 06:13:00.000000 	-167.000000	55.908671	-160.407284	407.148991	-0.041658	-0.020484	0.021066	0.312402	0.252441	0.462116	-0.158770	-0.026382	0.005329	0.043294	0.229520	0.225208	0.521032
2021-07-29 06:13:01.000000 	-166.000000	55.908671	-160.407284	407.148991	-0.030781	-0.006443	0.005516	0.264852	0.214024	0.391788	-0.141898	-0.022712	-0.004252	0.022033	0.194586	0.190932	0.441737
2021-07-29 06:13:02.000000 	-165.000000	55.908671	-160.407284	407.148991	-0.028179	-0.013682	0.021173	0.351725	0.284233	0.520309	-0.186147	-0.013917	0.003441	0.034986	0.258413	0.253561	0.586642
2021-07-29 06:13:03.000000 	-164.000000	55.908671	-160.407284	407.148991	-0.047831	-0.017954	0.022982	0.333065	0.269161	0.492717	-0.168517	-0.029422	0.000875	0.047665	0.244705	0.240112	0.555532
2021-07-29 06:13:04.000000 	-163.000000	55.908671	-160.407284	407.148991	-0.030436	-0.007300	0.003116	0.315865	0.255270	0.467285	-0.172435	-0.024027	-0.003329	0.020025	0.232070	0.227716	0.526856
2021-07-29 06:13:05.000000 	-162.000000	55.908671	-160.407284	407.148991	-0.023526	-0.014773	0.007266	0.318418	0.257341	0.471073	-0.173431	-0.018385	0.006029	0.021217	0.233948	0.229559	0.531127
2021-07-29 06:13:06.000000 	-161.000000	55.908671	-160.407284	407.148991	-0.039201	-0.017454	0.021174	0.295467	0.238799	0.437130	-0.149978	-0.023563	0.003298	0.041516	0.217087	0.213015	0.492855
2021-07-29 06:13:07.000000 	-160.000000	55.908671	-160.407284	407.148991	-0.027793	-0.003249	-0.005452	0.363029	0.293412	0.537098	-0.204223	-0.025642	-0.006259	0.010772	0.266728	0.261727	0.605566
2021-07-29 06:13:08.000000 	-159.000000	55.908671	-160.407284	407.148991	-0.040623	-0.013314	0.043727	0.301236	0.243477	0.445687	-0.144483	-0.010882	-0.001079	0.060166	0.221328	0.217180	0.502501
2021-07-29 06:13:09.000000 	-158.000000	55.908671	-160.407284	407.148991	-0.030071	-0.017529	-0.003646	0.338729	0.273789	0.501171	-0.187183	-0.030373	0.006430	0.016155	0.248878	0.244214	0.565057
2021-07-29 06:13:10.000000 	-157.000000	55.908671	-160.407284	407.148991	-0.035132	-0.011055	0.012535	0.276304	0.223338	0.408819	-0.144095	-0.023454	-0.001366	0.031011	0.203013	0.199210	0.460932
2021-07-29 06:13:11.000000 	-156.000000	55.908671	-160.407284	407.148991	-0.030589	-0.013180	0.024126	0.328694	0.265694	0.486348	-0.171048	-0.014003	0.002160	0.038610	0.241508	0.236985	0.548342
2021-07-29 06:13:12.000000 	-155.000000	55.908671	-160.407284	407.148991	-0.045925	-0.009616	0.018578	0.309819	0.250444	0.458429	-0.158167	-0.028088	-0.006341	0.041444	0.227641	0.223378	0.516865
2021-07-29 06:13:13.000000 	-154.000000	55.908671	-160.407284	407.148991	-0.031117	-0.018984	0.014057	0.311935	0.252162	0.461572	-0.164432	-0.021670	0.007450	0.031641	0.229197	0.224907	0.520407
2021-07-29 06:13:14.000000 	-153.000000	55.908671	-160.407284	407.148991	-0.022985	-0.007182	0.016249	0.341147	0.275785	0.504810	-0.184086	-0.010820	-0.000941	0.026943	0.250663	0.245973	0.569156
2021-07-29 06:13:15.000000 	-152.000000	55.908671	-160.407284	407.148991	-0.033833	-0.011908	0.008170	0.325465	0.263115	0.481616	-0.174600	-0.025124	-0.000127	0.026870	0.239142	0.234668	0.543003
2021-07-29 06:13:16.000000 	-151.000000	55.908671	-160.407284	407.148991	-0.037062	-0.004757	0.019637	0.313404	0.253373	0.463780	-0.162984	-0.019230	-0.007947	0.036727	0.230282	0.225975	0.522893
2021-07-29 06:13:17.000000 	-150.000000	55.908671	-160.407284	407.148991	-0.043396	-0.024889	0.018435	0.290496	0.234860	0.429890	-0.145950	-0.030436	0.008896	0.042861	0.213451	0.209460	0.484683
2021-07-29 06:13:18.000000 	-149.000000	55.908671	-160.407284	407.148991	-0.029843	-0.002921	0.013034	0.334054	0.270084	0.494362	-0.179784	-0.016788	-0.007256	0.027102	0.245458	0.240870	0.557371
2021-07-29 06:13:19.000000 	-148.000000	55.908671	-160.407284	407.148991	-0.044163	-0.023199	0.028293	0.326787	0.264217	0.483620	-0.163295	-0.025040	0.007047	0.051112	0.240121	0.235634	0.545259
2021-07-29 06:13:20.000000 	-147.000000	55.908671	-160.407284	407.148991	-0.023047	-0.012067	-0.011632	0.294470	0.238094	0.435803	-0.167172	-0.027852	0.003640	0.004806	0.216376	0.212333	0.491346
2021-07-29 06:13:21.000000 	-146.000000	55.908671	-160.407284	407.148991	-0.044269	-0.004306	0.033862	0.336242	0.271878	0.497636	-0.168597	-0.016755	-0.010788	0.052229	0.247072	0.242457	0.561060
2021-07-29 06:13:22.000000 	-145.000000	55.908671	-160.407284	407.148991	-0.033386	-0.021340	0.021087	0.300413	0.242915	0.444621	-0.154097	-0.020154	0.008909	0.039104	0.220747	0.216625	0.501286
2021-07-29 06:13:23.000000 	-144.000000	55.908671	-160.407284	407.148991	-0.028910	-0.011749	0.016640	0.322075	0.260439	0.476693	-0.170789	-0.016491	0.001374	0.031255	0.236666	0.232248	0.537445
2021-07-29 06:13:24.000000 	-143.000000	55.908671	-160.407284	407.148991	-0.037954	-0.006845	0.015467	0.363857	0.294234	0.538546	-0.193422	-0.022843	-0.006278	0.034137	0.267370	0.262381	0.607180
2021-07-29 06:13:25.000000 	-142.000000	55.908671	-160.407284	407.148991	-0.027714	-0.013316	0.007954	0.282269	0.228265	0.417797	-0.151230	-0.020862	0.003251	0.023724	0.207419	0.203549	0.471041
2021-07-29 06:13:26.000000 	-141.000000	55.908671	-160.407284	407.148991	-0.045889	-0.015886	0.024707	0.335908	0.271649	0.497201	-0.170345	-0.026366	-0.000422	0.047679	0.246836	0.242232	0.560564
2021-07-29 06:13:27.000000 	-140.000000	55.908671	-160.407284	407.148991	-0.033263	-0.015555	0.012051	0.307626	0.248786	0.455351	-0.162520	-0.023516	0.003500	0.030468	0.226056	0.221841	0.513380
2021-07-29 06:13:28.000000 	-139.000000	55.908671	-160.407284	407.148991	-0.039276	-0.015346	0.019060	0.276494	0.223615	0.409279	-0.140001	-0.024222	0.001287	0.039409	0.203180	0.199393	0.461435
2021-07-29 06:13:29.000000 	-138.000000	55.908671	-160.407284	407.148991	-0.023133	-0.012658	0.005207	0.366556	0.296462	0.542605	-0.202487	-0.018645	0.004168	0.018907	0.269364	0.264344	0.611750
2021-07-29 06:13:30.000000 	-137.000000	55.908671	-160.407284	407.148991	-0.042927	-0.008199	0.022532	0.336120	0.271854	0.497563	-0.173003	-0.023139	-0.006671	0.042869	0.247000	0.242398	0.560968
2021-07-29 06:13:31.000000 	-136.000000	55.908671	-160.407284	407.148991	-0.035490	-0.020584	0.024884	0.251012	0.203025	0.371586	-0.123410	-0.019458	0.007492	0.043217	0.184459	0.181023	0.418936
2021-07-29 06:13:32.000000 	-135.000000	55.908671	-160.407284	407.148991	-0.031038	-0.006661	0.000470	0.352859	0.285411	0.522368	-0.194820	-0.025802	-0.004133	0.018031	0.259305	0.254476	0.588931
2021-07-29 06:13:33.000000 	-134.000000	55.908671	-160.407284	407.148991	-0.031434	-0.013507	0.021131	0.355877	0.287861	0.526848	-0.187733	-0.016431	0.002184	0.036638	0.261525	0.256656	0.593981
2021-07-29 06:13:34.000000 	-133.000000	55.908671	-160.407284	407.148991	-0.037317	-0.013793	0.015840	0.278768	0.225496	0.412704	-0.143326	-0.024067	0.000480	0.035416	0.204861	0.201048	0.465291
2021-07-29 06:13:35.000000 	-132.000000	55.908671	-160.407284	407.148991	-0.020902	-0.012249	0.007018	0.315479	0.255200	0.467064	-0.172869	-0.015776	0.004531	0.019152	0.231842	0.227528	0.526577
2021-07-29 06:13:36.000000 	-131.000000	55.908671	-160.407284	407.148991	-0.043574	-0.009004	0.019829	0.300527	0.243112	0.444939	-0.153085	-0.025383	-0.006129	0.041123	0.220856	0.216747	0.501632
2021-07-29 06:13:37.000000 	-130.000000	55.908671	-160.407284	407.148991	-0.039995	-0.014439	0.031751	0.314457	0.254388	0.465573	-0.157027	-0.017417	0.000191	0.050128	0.231094	0.226797	0.524894
2021-07-29 06:13:38.000000 	-129.000000	55.908671	-160.407284	407.148991	-0.024092	-0.008374	-0.003292	0.317138	0.256565	0.469553	-0.177345	-0.022967	-0.000190	0.011570	0.233066	0.228733	0.529381
2021-07-29 06:13:39.000000 	-128.000000	55.908671	-160.407284	407.148991	-0.035069	-0.011806	0.031700	0.304805	0.246596	0.451305	-0.153128	-0.012871	-0.000637	0.046990	0.224005	0.219842	0.508806
2021-07-29 06:13:40.000000 	-127.000000	55.908671	-160.407284	407.148991	-0.041609	-0.009809	0.002064	0.335686	0.271588	0.497040	-0.180782	-0.034030	-0.004712	0.025525	0.246702	0.242118	0.560366
2021-07-29 06:13:41.000000 	-126.000000	55.908671	-160.407284	407.148991	-0.030444	-0.019433	0.027283	0.287730	0.232796	0.426043	-0.145386	-0.013856	0.008099	0.042323	0.211460	0.207532	0.480323
2021-07-29 06:13:42.000000 	-125.000000	55.908671	-160.407284	407.148991	-0.040856	-0.004764	0.019335	0.367760	0.297555	0.544556	-0.193570	-0.022361	-0.009212	0.038482	0.270278	0.265258	0.613934
2021-07-29 06:13:43.000000 	-124.000000	55.908671	-160.407284	407.148991	-0.028892	-0.019565	0.012694	0.255782	0.206960	0.378755	-0.132935	-0.020859	0.008744	0.029447	0.187984	0.184493	0.427009
2021-07-29 06:13:44.000000 	-123.000000	55.908671	-160.407284	407.148991	-0.029427	-0.004344	0.009268	0.357785	0.289503	0.529812	-0.195008	-0.018970	-0.005776	0.024030	0.262952	0.258071	0.597309
2021-07-29 06:13:45.000000 	-122.000000	55.908671	-160.407284	407.148991	-0.028450	-0.021542	0.016767	0.311267	0.251871	0.460938	-0.163449	-0.018781	0.010755	0.032958	0.228766	0.224521	0.519660
2021-07-29 06:13:46.000000 	-121.000000	55.908671	-160.407284	407.148991	-0.051209	-0.007684	0.026587	0.315582	0.255371	0.467339	-0.157045	-0.027184	-0.009933	0.050504	0.231939	0.227637	0.526876
2021-07-29 06:13:47.000000 	-120.000000	55.908671	-160.407284	407.148991	-0.030773	-0.017104	0.007901	0.286646	0.231962	0.424498	-0.152472	-0.024330	0.005794	0.026008	0.210674	0.206767	0.478575
2021-07-29 06:13:48.000000 	-119.000000	55.908671	-160.407284	407.148991	-0.027349	-0.002622	0.011396	0.319859	0.258847	0.473694	-0.172962	-0.015678	-0.006701	0.024373	0.235087	0.230728	0.534038
2021-07-29 06:13:49.000000 	-118.000000	55.908671	-160.407284	407.148991	-0.041311	-0.019197	0.017935	0.335347	0.271390	0.496643	-0.173618	-0.027509	0.004232	0.040276	0.246472	0.241904	0.559910
2021-07-29 06:13:50.000000 	-117.000000	55.908671	-160.407284	407.148991	-0.037927	-0.015597	0.016151	0.300031	0.242816	0.444350	-0.155197	-0.024869	0.001976	0.036335	0.220517	0.216431	0.500954
2021-07-29 06:13:51.000000 	-116.000000	55.908671	-160.407284	407.148991	-0.026137	-0.005803	0.003856	0.324763	0.262841	0.480991	-0.178750	-0.019842	-0.003297	0.018086	0.238698	0.234275	0.542261
2021-07-29 06:13:52.000000 	-115.000000	55.908671	-160.407284	407.148991	-0.032500	-0.021852	0.028100	0.320878	0.259704	0.475247	-0.163444	-0.015675	0.009688	0.044540	0.235844	0.231476	0.535785
2021-07-29 06:13:53.000000 	-114.000000	55.908671	-160.407284	407.148991	-0.027263	-0.012676	0.017577	0.300011	0.242823	0.444352	-0.158022	-0.014938	0.002800	0.031335	0.220509	0.216426	0.500953
2021-07-29 06:13:54.000000 	-113.000000	55.908671	-160.407284	407.148991	-0.040538	-0.002537	0.003097	0.365824	0.296100	0.541842	-0.198996	-0.030596	-0.011203	0.024448	0.268884	0.263906	0.610860
2021-07-29 06:13:55.000000 	-112.000000	55.908671	-160.407284	407.148991	-0.034472	-0.020852	0.020110	0.280228	0.226826	0.415071	-0.142536	-0.021414	0.008085	0.038777	0.205972	0.202161	0.467941
2021-07-29 06:13:56.000000 	-111.000000	55.908671	-160.407284	407.148991	-0.049028	-0.009796	0.032163	0.253433	0.205143	0.375391	-0.119116	-0.022944	-0.007212	0.054366	0.186279	0.182832	0.423205
2021-07-29 06:13:57.000000 	-110.000000	55.908671	-160.407284	407.148991	-0.027418	-0.012049	0.020085	0.358310	0.290046	0.530750	-0.190844	-0.013480	0.002157	0.033377	0.263369	0.258497	0.598351
2021-07-29 06:13:58.000000 	-109.000000	55.908671	-160.407284	407.148991	-0.039043	-0.008660	0.007514	0.335300	0.271428	0.496678	-0.179427	-0.028654	-0.004934	0.028468	0.246458	0.241901	0.559938
2021-07-29 06:13:59.000000 	-108.000000	55.908671	-160.407284	407.148991	-0.030915	-0.021356	0.017367	0.330041	0.267179	0.488898	-0.173469	-0.020316	0.009753	0.034722	0.242594	0.238110	0.551167
2021-07-29 06:14:00.000000 	-107.000000	55.908671	-160.407284	407.148991	-0.041137	-0.018824	0.028082	0.280156	0.226803	0.415013	-0.137719	-0.021582	0.003939	0.048516	0.205929	0.202123	0.467870
2021-07-29 06:14:01.000000 	-106.000000	55.908671	-160.407284	407.148991	-0.020246	-0.008026	-0.011257	0.335742	0.271812	0.497367	-0.192296	-0.024334	0.000772	0.002878	0.246790	0.242230	0.560712
2021-07-29 06:14:02.000000 	-105.000000	55.908671	-160.407284	407.148991	-0.041867	-0.015314	0.037806	0.255448	0.206814	0.378428	-0.119702	-0.015727	0.000388	0.056296	0.187771	0.184302	0.426624
2021-07-29 06:14:03.000000 	-104.000000	55.908671	-160.407284	407.148991	-0.031678	-0.019852	0.019130	0.380137	0.307773	0.563159	-0.201815	-0.019505	0.008080	0.036302	0.279428	0.274268	0.634881
2021-07-29 06:14:04.000000 	-103.000000	55.908671	-160.407284	407.148991	-0.036040	-0.003549	0.021518	0.329789	0.267018	0.488582	-0.172223	-0.017042	-0.008742	0.037519	0.242421	0.237945	0.550805
2021-07-29 06:14:05.000000 	-102.000000	55.908671	-160.407284	407.148991	-0.038077	-0.011013	0.003141	0.272284	0.220465	0.403397	-0.144447	-0.031005	-0.002393	0.024778	0.200152	0.196458	0.454771
2021-07-29 06:14:06.000000 	-101.000000	55.908671	-160.407284	407.148991	-0.029645	-0.019551	0.010670	0.362611	0.293611	0.537233	-0.195538	-0.022578	0.008478	0.028166	0.266553	0.261634	0.605649
2021-07-29 06:14:07.000000 	-100.000000	55.908671	-160.407284	407.148991	-0.036149	-0.000848	0.032003	0.323411	0.261878	0.479165	-0.164582	-0.010500	-0.011323	0.045751	0.237739	0.233354	0.540185
2021-07-29 06:14:08.000000 	-99.000000	55.908671	-160.407284	407.148991	-0.035935	-0.015931	0.016231	0.261434	0.211700	0.387350	-0.133292	-0.023363	0.002958	0.035412	0.192182	0.188638	0.436677
2021-07-29 06:14:09.000000 	-98.000000	55.908671	-160.407284	407.148991	-0.034985	-0.014700	0.025208	0.390624	0.316324	0.578775	-0.205208	-0.017248	0.002118	0.042113	0.287153	0.281859	0.652477
2021-07-29 06:14:10.000000 	-97.000000	55.908671	-160.407284	407.148991	-0.026943	-0.009211	-0.002560	0.251867	0.203966	0.373192	-0.138292	-0.025013	-0.000357	0.013839	0.185153	0.181740	0.420714
2021-07-29 06:14:11.000000 	-96.000000	55.908671	-160.407284	407.148991	-0.036685	-0.020290	0.024890	0.289680	0.234595	0.429230	-0.145632	-0.020305	0.006813	0.043798	0.212953	0.209028	0.483886
2021-07-29 06:14:12.000000 	-95.000000	55.908671	-160.407284	407.148991	-0.036838	-0.010511	0.015810	0.330960	0.268034	0.490406	-0.174207	-0.022797	-0.002451	0.034521	0.243301	0.238818	0.552852
2021-07-29 06:14:13.000000 	-94.000000	55.908671	-160.407284	407.148991	-0.038479	-0.018257	0.015455	0.353027	0.285914	0.523116	-0.185809	-0.026428	0.004297	0.036549	0.259526	0.254746	0.589726
2021-07-29 06:14:14.000000 	-93.000000	55.908671	-160.407284	407.148991	-0.020601	-0.004725	0.001169	0.244191	0.197775	0.361851	-0.134782	-0.016730	-0.002457	0.012735	0.179518	0.176212	0.407926
2021-07-29 06:14:16.000000 	-91.000000	55.908671	-160.407284	407.148991	-0.037511	-0.013635	0.025840	0.316026	0.255972	0.468321	-0.161112	-0.018569	0.000267	0.043770	0.232332	0.228056	0.527950
2021-07-29 06:14:17.000000 	-90.000000	55.908671	-160.407284	407.148991	-0.033103	-0.000491	0.018077	0.284298	0.230280	0.421312	-0.148310	-0.015831	-0.010638	0.032543	0.209009	0.205163	0.474954
2021-07-29 06:14:18.000000 	-89.000000	55.908671	-160.407284	407.148991	-0.035671	-0.016362	0.027192	0.325614	0.263755	0.482550	-0.166366	-0.017132	0.003453	0.044430	0.239385	0.234982	0.543989
2021-07-29 06:14:19.000000 	-88.000000	55.908671	-160.407284	407.148991	-0.027035	-0.003632	-0.005755	0.317191	0.256940	0.470079	-0.178020	-0.025327	-0.005644	0.010193	0.233196	0.228907	0.529928
2021-07-29 06:14:20.000000 	-87.000000	55.908671	-160.407284	407.148991	-0.053217	-0.024438	0.037085	0.600688	0.486603	0.890244	-0.316208	-0.027519	0.005178	0.063407	0.441625	0.433505	1.003585
2021-07-29 06:14:21.000000 	-86.000000	55.908671	-160.407284	407.148991	-0.020797	-0.008472	0.001252	0.402902	0.326392	0.597130	-0.226244	-0.017877	0.001008	0.013612	0.296216	0.290771	0.673153
2021-07-29 06:14:22.000000 	-85.000000	55.908671	-160.407284	407.148991	-0.029921	-0.009754	0.020164	0.291351	0.236031	0.431812	-0.151604	-0.014751	-0.000844	0.034332	0.214205	0.210269	0.486787
2021-07-29 06:14:23.000000 	-84.000000	55.908671	-160.407284	407.148991	-0.032721	-0.005055	0.023156	0.275271	0.223012	0.407990	-0.140776	-0.013954	-0.006210	0.037405	0.202385	0.198667	0.459930
2021-07-29 06:14:24.000000 	-83.000000	55.908671	-160.407284	407.148991	-0.046676	-0.021279	0.026908	0.329233	0.266738	0.487980	-0.164833	-0.027244	0.004396	0.050931	0.242062	0.237616	0.550103
2021-07-29 06:14:25.000000 	-82.000000	55.908671	-160.407284	407.148991	-0.018995	-0.005371	-0.006367	0.342204	0.277256	0.507218	-0.194862	-0.019880	-0.001309	0.005767	0.251601	0.246981	0.571788
2021-07-29 06:14:26.000000 	-81.000000	55.908671	-160.407284	407.148991	-0.038874	-0.018486	0.017973	0.288766	0.233968	0.428021	-0.147370	-0.025389	0.004380	0.038887	0.212314	0.208416	0.482508
2021-07-29 06:14:27.000000 	-80.000000	55.908671	-160.407284	407.148991	-0.029209	-0.003201	0.005150	0.275855	0.223514	0.408892	-0.149306	-0.020791	-0.006779	0.020291	0.202823	0.199101	0.460944
2021-07-29 06:14:28.000000 	-79.000000	55.908671	-160.407284	407.148991	-0.030724	-0.011751	0.023457	0.328520	0.266195	0.486967	-0.171431	-0.014086	0.000768	0.037859	0.241548	0.237116	0.548956
2021-07-29 06:14:29.000000 	-78.000000	55.908671	-160.407284	407.148991	-0.047301	-0.023092	0.036914	0.340160	0.275635	0.504233	-0.166906	-0.022626	0.005894	0.059888	0.250109	0.245521	0.568418
2021-07-29 06:14:30.000000 	-77.000000	55.908671	-160.407284	407.148991	-0.022960	0.002314	0.001245	0.303719	0.246115	0.450225	-0.169302	-0.016573	-0.009879	0.012721	0.223318	0.219222	0.507534
2021-07-29 06:14:31.000000 	-76.000000	55.908671	-160.407284	407.148991	-0.031654	-0.015075	0.017575	0.318306	0.257944	0.471859	-0.167185	-0.019032	0.003587	0.034103	0.234046	0.229755	0.531921
2021-07-29 06:14:32.000000 	-75.000000	55.908671	-160.407284	407.148991	-0.038148	-0.010302	0.011952	0.321923	0.260883	0.477231	-0.170108	-0.025925	-0.003087	0.031979	0.236708	0.232369	0.537976
2021-07-29 06:14:33.000000 	-74.000000	55.908671	-160.407284	407.148991	-0.031251	-0.010787	0.019745	0.324288	0.262808	0.480747	-0.170403	-0.016310	-0.000317	0.034882	0.238449	0.234080	0.541938
2021-07-29 06:14:34.000000 	-73.000000	55.908671	-160.407284	407.148991	-0.035318	-0.012343	0.022651	0.293168	0.237596	0.434623	-0.149885	-0.018286	-0.000215	0.039728	0.215569	0.211620	0.489943
2021-07-29 06:14:35.000000 	-72.000000	55.908671	-160.407284	407.148991	-0.028615	-0.014769	0.008913	0.299635	0.242844	0.444220	-0.160596	-0.021431	0.004318	0.025268	0.220327	0.216291	0.500759
2021-07-29 06:14:36.000000 	-71.000000	55.908671	-160.407284	407.148991	-0.037435	-0.004899	0.017710	0.333878	0.270606	0.494998	-0.175600	-0.020640	-0.007938	0.035355	0.245509	0.241014	0.557999
2021-07-29 06:14:37.000000 	-70.000000	55.908671	-160.407284	407.148991	-0.030744	-0.008840	0.029465	0.343644	0.278530	0.509487	-0.178126	-0.009926	-0.001981	0.042297	0.252693	0.248067	0.574331
2021-07-29 06:14:38.000000 	-69.000000	55.908671	-160.407284	407.148991	-0.026798	-0.011882	0.006516	0.293458	0.237862	0.435091	-0.158790	-0.020555	0.002208	0.021781	0.215792	0.211843	0.490466
2021-07-29 06:14:39.000000 	-68.000000	55.908671	-160.407284	407.148991	-0.047762	-0.020482	0.021352	0.370359	0.300204	0.549120	-0.190694	-0.030983	0.003280	0.046754	0.272344	0.267361	0.619006
2021-07-29 06:14:40.000000 	-67.000000	55.908671	-160.407284	407.148991	-0.032249	-0.005938	0.020674	0.234316	0.189936	0.347420	-0.118029	-0.015221	-0.005220	0.035266	0.172306	0.169154	0.391635
2021-07-29 06:14:41.000000 	-66.000000	55.908671	-160.407284	407.148991	-0.032340	-0.011882	0.017357	0.401924	0.325810	0.595946	-0.215936	-0.018802	0.000349	0.033685	0.295562	0.290157	0.671788
2021-07-29 06:14:42.000000 	-65.000000	55.908671	-160.407284	407.148991	-0.027942	-0.013609	0.004552	0.320889	0.260129	0.475803	-0.174938	-0.023028	0.003451	0.021083	0.235974	0.231659	0.536354
2021-07-29 06:14:43.000000 	-64.000000	55.908671	-160.407284	407.148991	-0.032711	-0.000207	0.014416	0.297027	0.240793	0.440431	-0.157306	-0.017498	-0.010774	0.029251	0.218429	0.214436	0.496479
2021-07-29 06:14:44.000000 	-63.000000	55.908671	-160.407284	407.148991	-0.046648	-0.029484	0.042754	0.278468	0.225755	0.412921	-0.128063	-0.020618	0.012134	0.065582	0.204783	0.201041	0.465467
2021-07-29 06:14:45.000000 	-62.000000	55.908671	-160.407284	407.148991	-0.034930	-0.005783	0.000450	0.330368	0.267840	0.489890	-0.180829	-0.028606	-0.006265	0.019905	0.242953	0.238514	0.552230
2021-07-29 06:14:46.000000 	-61.000000	55.908671	-160.407284	407.148991	-0.033439	-0.007339	0.024606	0.271322	0.219976	0.402342	-0.137513	-0.014335	-0.004299	0.039414	0.199533	0.195888	0.453540
2021-07-29 06:14:47.000000 	-60.000000	55.908671	-160.407284	407.148991	-0.036190	-0.016009	0.025688	0.328382	0.266247	0.486967	-0.168505	-0.018283	0.002947	0.043393	0.241498	0.237088	0.548932
2021-07-29 06:14:48.000000 	-59.000000	55.908671	-160.407284	407.148991	-0.032797	-0.018350	0.010648	0.293225	0.237750	0.434841	-0.154592	-0.024715	0.006290	0.029586	0.215645	0.211709	0.490172
2021-07-29 06:14:49.000000 	-58.000000	55.908671	-160.407284	407.148991	-0.036593	-0.009975	0.020367	0.380009	0.308126	0.563551	-0.201089	-0.019904	-0.002873	0.038065	0.279472	0.274371	0.635258
2021-07-29 06:14:50.000000 	-57.000000	55.908671	-160.407284	407.148991	-0.030939	-0.007240	0.001545	0.303029	0.245716	0.449400	-0.165571	-0.025283	-0.003554	0.018978	0.222861	0.218795	0.506582
2021-07-29 06:14:51.000000 	-56.000000	55.908671	-160.407284	407.148991	-0.040013	-0.010964	0.041860	0.298131	0.241752	0.442146	-0.143974	-0.010800	-0.003089	0.057856	0.219262	0.215262	0.498404
2021-07-29 06:14:52.000000 	-55.000000	55.908671	-160.407284	407.148991	-0.027473	-0.009916	0.017507	0.327592	0.265651	0.485849	-0.174372	-0.014375	0.000130	0.030869	0.240932	0.236538	0.547666
2021-07-29 06:14:53.000000 	-54.000000	55.908671	-160.407284	407.148991	-0.034062	-0.015588	-0.005515	0.316301	0.256502	0.469113	-0.174049	-0.033995	0.003263	0.016350	0.232630	0.228389	0.528799
2021-07-29 06:14:54.000000 	-53.000000	55.908671	-160.407284	407.148991	-0.026368	-0.001743	0.006554	0.283827	0.230176	0.420960	-0.154404	-0.017383	-0.007200	0.019679	0.208749	0.204944	0.474519
2021-07-29 06:14:55.000000 	-52.000000	55.908671	-160.407284	407.148991	-0.031855	-0.013037	0.032244	0.332746	0.269856	0.493524	-0.169987	-0.010400	0.001600	0.045975	0.244731	0.240271	0.556314
2021-07-29 06:14:56.000000 	-51.000000	55.908671	-160.407284	407.148991	-0.048212	-0.012818	0.024569	0.348403	0.282564	0.516758	-0.177440	-0.027403	-0.004091	0.048215	0.256249	0.251581	0.582502
2021-07-29 06:14:57.000000 	-50.000000	55.908671	-160.407284	407.148991	-0.024766	-0.012778	0.007402	0.315602	0.255970	0.468118	-0.171792	-0.018722	0.003734	0.021610	0.232128	0.227900	0.527673
2021-07-29 06:14:58.000000 	-49.000000	55.908671	-160.407284	407.148991	-0.044229	-0.018618	0.026337	0.254973	0.206803	0.378197	-0.122881	-0.024915	0.002708	0.048666	0.187536	0.184121	0.426310
2021-07-29 06:14:59.000000 	-48.000000	55.908671	-160.407284	407.148991	-0.044794	-0.009860	0.032105	0.338059	0.274202	0.501449	-0.169811	-0.019691	-0.005732	0.052095	0.248651	0.244124	0.565241
2021-07-29 06:15:00.000000 	-47.000000	55.908671	-160.407284	407.148991	-0.028320	-0.012539	-0.003213	0.325029	0.263641	0.482131	-0.180333	-0.027379	0.002317	0.014650	0.239070	0.234719	0.543465
2021-07-29 06:15:01.000000 	-46.000000	55.908671	-160.407284	407.148991	-0.028284	0.002106	0.022462	0.289526	0.234852	0.429477	-0.151282	-0.008892	-0.011468	0.033142	0.212959	0.209084	0.484111
2021-07-29 06:15:02.000000 	-45.000000	55.908671	-160.407284	407.148991	-0.040748	-0.027565	0.022396	0.301470	0.244548	0.447203	-0.151407	-0.026893	0.012305	0.045245	0.221746	0.217713	0.504091
2021-07-29 06:15:03.000000 	-44.000000	55.908671	-160.407284	407.148991	-0.025973	-0.006890	0.010513	0.337333	0.273649	0.500414	-0.183508	-0.016285	-0.002218	0.023717	0.248129	0.243616	0.564069
2021-07-29 06:15:04.000000 	-43.000000	55.908671	-160.407284	407.148991	-0.041250	-0.014910	0.021284	0.265169	0.215115	0.393371	-0.132125	-0.024394	0.000215	0.042211	0.195050	0.191504	0.443409
2021-07-29 06:15:05.000000 	-42.000000	55.908671	-160.407284	407.148991	-0.030026	-0.014123	0.015001	0.358794	0.291078	0.532274	-0.192296	-0.018940	0.003237	0.030933	0.263922	0.259124	0.599979
2021-07-29 06:15:06.000000 	-41.000000	55.908671	-160.407284	407.148991	-0.038808	-0.006340	0.033648	0.305009	0.247452	0.452493	-0.152082	-0.013178	-0.007041	0.049550	0.224361	0.220284	0.510049
2021-07-29 06:15:07.000000 	-40.000000	55.908671	-160.407284	407.148991	-0.026621	-0.013138	0.005219	0.326725	0.265079	0.484719	-0.178542	-0.021492	0.003450	0.020849	0.240338	0.235971	0.546373
2021-07-29 06:15:08.000000 	-39.000000	55.908671	-160.407284	407.148991	-0.039160	-0.017940	0.012226	0.338053	0.274278	0.501535	-0.178283	-0.028682	0.003770	0.034176	0.248674	0.244157	0.565327
2021-07-29 06:15:09.000000 	-38.000000	55.908671	-160.407284	407.148991	-0.033006	-0.010388	0.022298	0.279241	0.226569	0.414291	-0.142867	-0.016138	-0.001281	0.037848	0.205414	0.201684	0.466985
2021-07-29 06:15:10.000000 	-37.000000	55.908671	-160.407284	407.148991	-0.043017	-0.008008	0.028398	0.332526	0.269812	0.493358	-0.168775	-0.019869	-0.006880	0.047738	0.244615	0.240174	0.556106
2021-07-29 06:15:11.000000 	-36.000000	55.908671	-160.407284	407.148991	-0.037481	-0.022214	0.019111	0.343039	0.278352	0.508966	-0.178515	-0.024699	0.008359	0.039794	0.252352	0.247771	0.573698
2021-07-29 06:15:12.000000 	-35.000000	55.908671	-160.407284	407.148991	-0.027438	-0.003701	0.023775	0.284055	0.230498	0.421460	-0.147325	-0.009109	-0.005715	0.034873	0.208964	0.205172	0.475062
2021-07-29 06:15:13.000000 	-34.000000	55.908671	-160.407284	407.148991	-0.048172	-0.020087	0.013449	0.327268	0.265572	0.485587	-0.168583	-0.035623	0.002771	0.040351	0.240756	0.236388	0.547343
2021-07-29 06:15:14.000000 	-33.000000	55.908671	-160.407284	407.148991	-0.035354	-0.006525	0.034666	0.294292	0.238821	0.436668	-0.146430	-0.009965	-0.005708	0.048604	0.216500	0.212573	0.492202
2021-07-29 06:15:15.000000 	-32.000000	55.908671	-160.407284	407.148991	-0.025912	-0.015147	0.005137	0.327634	0.265887	0.486150	-0.179078	-0.021544	0.005581	0.020784	0.241031	0.236661	0.547975
2021-07-29 06:15:16.000000 	-31.000000	55.908671	-160.407284	407.148991	-0.036811	-0.009838	0.022506	0.281244	0.228247	0.417324	-0.142913	-0.018836	-0.003076	0.039926	0.206906	0.203155	0.470396
2021-07-29 06:15:17.000000 	-30.000000	55.908671	-160.407284	407.148991	-0.030615	-0.007477	0.004575	0.353080	0.286556	0.523930	-0.193596	-0.023398	-0.003222	0.021361	0.259758	0.255050	0.590557
2021-07-29 06:15:18.000000 	-29.000000	55.908671	-160.407284	407.148991	-0.042034	-0.020702	0.025062	0.303141	0.246035	0.449836	-0.151896	-0.024496	0.005408	0.046843	0.223022	0.218980	0.507039
2021-07-29 06:15:19.000000 	-28.000000	55.908671	-160.407284	407.148991	-0.037850	-0.009212	0.034512	0.309414	0.251134	0.459153	-0.154318	-0.012745	-0.004014	0.050299	0.227639	0.223516	0.517541
2021-07-29 06:15:20.000000 	-27.000000	55.908671	-160.407284	407.148991	-0.028961	0.001197	0.001218	0.342830	0.278266	0.508752	-0.190271	-0.021580	-0.010839	0.016077	0.252228	0.247660	0.573445
2021-07-29 06:15:21.000000 	-26.000000	55.908671	-160.407284	407.148991	-0.039245	-0.022047	0.027513	0.319675	0.259480	0.474400	-0.161215	-0.021319	0.007611	0.047652	0.235195	0.230936	0.534724
2021-07-29 06:15:22.000000 	-25.000000	55.908671	-160.407284	407.148991	-0.026097	-0.014038	0.015908	0.283221	0.229899	0.420312	-0.149240	-0.015342	0.004474	0.029593	0.208378	0.204606	0.473756
2021-07-29 06:15:23.000000 	-24.000000	55.908671	-160.407284	407.148991	-0.031183	-0.010004	0.015715	0.317391	0.257644	0.471032	-0.168172	-0.018298	-0.001031	0.031361	0.233521	0.229295	0.530924
2021-07-29 06:15:24.000000 	-23.000000	55.908671	-160.407284	407.148991	-0.039095	-0.003414	0.009622	0.339884	0.275912	0.504423	-0.181949	-0.026057	-0.009893	0.029255	0.250074	0.245549	0.568560
2021-07-29 06:15:25.000000 	-22.000000	55.908671	-160.407284	407.148991	-0.035529	-0.019187	0.025275	0.277812	0.225530	0.412310	-0.139166	-0.018881	0.006162	0.043300	0.204406	0.200708	0.464733
2021-07-29 06:15:26.000000 	-21.000000	55.908671	-160.407284	407.148991	-0.039152	-0.009034	0.027671	0.341925	0.277588	0.507473	-0.175574	-0.017545	-0.004618	0.045288	0.251582	0.247033	0.571995
2021-07-29 06:15:27.000000 	-20.000000	55.908671	-160.407284	407.148991	-0.039492	-0.026728	0.033742	0.345161	0.280224	0.512287	-0.172945	-0.019321	0.011938	0.053821	0.253967	0.249375	0.577419
2021-07-29 06:15:28.000000 	-19.000000	55.908671	-160.407284	407.148991	-0.027097	-0.004058	0.000248	0.286453	0.232569	0.425162	-0.157959	-0.022129	-0.005263	0.015277	0.210773	0.206963	0.479216
2021-07-29 06:15:29.000000 	-18.000000	55.908671	-160.407284	407.148991	-0.038941	-0.014008	0.022980	0.316521	0.256989	0.469798	-0.162192	-0.021390	0.000139	0.042227	0.232900	0.228691	0.529526
2021-07-29 06:15:30.000000 	-17.000000	55.908671	-160.407284	407.148991	-0.038691	-0.007391	0.026482	0.304258	0.247041	0.451606	-0.154460	-0.017395	-0.006011	0.043751	0.223880	0.219835	0.509020
2021-07-29 06:15:31.000000 	-16.000000	55.908671	-160.407284	407.148991	-0.025297	-0.004616	0.002168	0.341161	0.277014	0.506391	-0.189440	-0.019803	-0.004134	0.016022	0.251037	0.246502	0.570768
2021-07-29 06:15:32.000000 	-15.000000	55.908671	-160.407284	407.148991	-0.039249	-0.010403	0.028382	0.291116	0.236387	0.432118	-0.145612	-0.017602	-0.003360	0.046186	0.214216	0.210347	0.487051
2021-07-29 06:15:33.000000 	-14.000000	55.908671	-160.407284	407.148991	-0.040568	-0.017088	0.013788	0.294623	0.239243	0.437332	-0.152146	-0.028668	0.002495	0.036053	0.216799	0.212885	0.492928
2021-07-29 06:15:34.000000 	-13.000000	55.908671	-160.407284	407.148991	-0.028911	-0.009679	0.023100	0.349947	0.284177	0.519465	-0.184845	-0.012297	-0.000577	0.036216	0.257513	0.252865	0.585500
2021-07-29 06:15:35.000000 	-12.000000	55.908671	-160.407284	407.148991	-0.037805	-0.011924	0.019538	0.338420	0.274826	0.502364	-0.176822	-0.021855	-0.001443	0.038385	0.249034	0.244540	0.566224
2021-07-29 06:15:36.000000 	-11.000000	55.908671	-160.407284	407.148991	-0.029934	-0.005465	0.018942	0.290882	0.236229	0.431806	-0.152373	-0.014254	-0.004889	0.032521	0.214055	0.210193	0.486695
2021-07-29 06:15:37.000000 	-10.000000	55.908671	-160.407284	407.148991	-0.043375	-0.010335	0.010562	0.303199	0.246240	0.450100	-0.158269	-0.030791	-0.004808	0.033594	0.223122	0.219098	0.507313
2021-07-29 06:15:38.000000 	-9.000000	55.908671	-160.407284	407.148991	-0.041725	-0.022688	0.043142	0.118971	0.096624	0.176616	0.095905	-0.014672	0.007382	0.062025	0.087551	0.085972	0.199066
2021-07-29 06:15:39.000000 	-8.000000	55.908671	-160.407284	407.148991	-0.026578	-0.007556	0.005884	0.303748	0.246703	0.450933	-0.165656	-0.019537	-0.001794	0.020328	0.223533	0.219503	0.508249
2021-07-29 06:15:40.000000 	-7.000000	55.908671	-160.407284	407.148991	-0.033948	-0.007876	0.020594	0.326257	0.264993	0.484358	-0.170888	-0.017130	-0.003964	0.036462	0.240100	0.235773	0.545922
2021-07-29 06:15:41.000000 	-6.000000	55.908671	-160.407284	407.148991	-0.050805	-0.007782	0.027823	0.315173	0.255999	0.467913	-0.156635	-0.026204	-0.009705	0.051333	0.231947	0.227767	0.527385
2021-07-29 06:15:42.000000 	-5.000000	55.908671	-160.407284	407.148991	-0.036276	-0.016463	0.019253	0.359270	0.291826	0.533391	-0.188991	-0.022082	0.003346	0.038194	0.264403	0.259639	0.601183
2021-07-29 06:15:43.000000 	-4.000000	55.908671	-160.407284	407.148991	-0.038713	-0.012913	0.021169	0.263075	0.213697	0.390584	-0.132010	-0.021924	-0.000816	0.040401	0.193612	0.190125	0.440225
2021-07-29 06:15:44.000000 	-3.000000	55.908671	-160.407284	407.148991	-0.031279	-0.009073	0.010882	0.330453	0.268437	0.490627	-0.177742	-0.020823	-0.001941	0.027234	0.243202	0.238823	0.552982
2021-07-29 06:15:45.000000 	-2.000000	55.908671	-160.407284	407.148991	-0.031629	-0.005849	0.019377	0.785734	0.638299	1.166614	-0.438456	-0.015440	-0.005096	0.033849	0.578283	0.567872	1.314878
2021-07-29 06:15:46.000000 	-1.000000	55.908671	-160.407284	407.148991	-0.041678	-0.023180	0.035270	0.272261	0.221182	0.404246	-0.129782	-0.019185	0.007862	0.055574	0.200381	0.196774	0.455620
2021-07-29 06:15:47.000000 	0.000000	55.908671	-160.407284	407.148991	-0.032689	-0.002579	-0.001324	0.366645	0.297868	0.544396	-0.203691	-0.026962	-0.008532	0.016650	0.269850	0.264994	0.613579
2021-07-29 06:15:48.000000 	1.000000	55.908671	-160.407284	407.148991	-0.041268	-0.016978	0.029715	0.179123	0.145527	0.265968	0.125711	-0.020256	0.002156	0.049592	0.131836	0.129464	0.299767
2021-07-29 06:15:49.000000 	2.000000	55.908671	-160.407284	407.148991	-0.037014	-0.012294	0.025708	0.337998	0.274614	0.501881	-0.174390	-0.017883	-0.000830	0.043146	0.248773	0.244299	0.565658
2021-07-29 06:15:50.000000 	3.000000	55.908671	-160.407284	407.148991	-0.038448	-0.014978	0.025060	0.280167	0.227636	0.416019	-0.140317	-0.020110	0.001218	0.043872	0.206212	0.202504	0.468884
2021-07-29 06:15:51.000000 	4.000000	55.908671	-160.407284	407.148991	-0.027273	-0.005380	0.012028	0.795650	0.646487	1.181479	-0.448316	-0.016031	-0.004077	0.025374	0.585631	0.575103	1.331611
2021-07-29 06:15:52.000000 	5.000000	55.908671	-160.407284	407.148991	-0.029256	-0.013841	0.013262	0.320079	0.260082	0.475303	-0.170863	-0.019236	0.003229	0.029034	0.235595	0.231361	0.535699
2021-07-29 06:15:53.000000 	6.000000	55.908671	-160.407284	407.148991	-0.037189	-0.006123	0.015977	0.315583	0.256437	0.468635	-0.165748	-0.021760	-0.006702	0.034020	0.232289	0.228115	0.528183
2021-07-29 06:15:54.000000 	7.000000	55.908671	-160.407284	407.148991	-0.038592	-0.011868	0.030094	0.299673	0.243518	0.445019	-0.149999	-0.016537	-0.001760	0.047532	0.220582	0.216619	0.501564
2021-07-29 06:15:55.000000 	8.000000	55.908671	-160.407284	407.148991	-0.030213	-0.009904	0.014007	0.351705	0.285809	0.522297	-0.189104	-0.018472	-0.000801	0.029416	0.258885	0.254235	0.588660
2021-07-29 06:15:56.000000 	9.000000	55.908671	-160.407284	407.148991	-0.031606	-0.013392	0.009983	0.301683	0.245167	0.448020	-0.160833	-0.022782	0.002018	0.027474	0.222067	0.218080	0.504944
2021-07-29 06:15:57.000000 	10.000000	55.908671	-160.407284	407.148991	-0.045129	-0.006813	0.035803	0.312855	0.254256	0.464622	-0.154008	-0.017033	-0.008715	0.054761	0.230295	0.226161	0.523654
2021-07-29 06:15:58.000000 	11.000000	55.908671	-160.407284	407.148991	-0.030512	-0.013183	0.016618	0.356916	0.290074	0.530067	-0.190676	-0.018152	0.002188	0.032352	0.262733	0.258017	0.597413
2021-07-29 06:15:59.000000 	12.000000	55.908671	-160.407284	407.148991	-0.043171	-0.013686	0.015596	0.296111	0.240665	0.439773	-0.151982	-0.028741	-0.001583	0.038285	0.217976	0.214065	0.495645
2021-07-29 06:16:00.000000 	13.000000	55.908671	-160.407284	407.148991	-0.021640	-0.010665	0.014845	0.312774	0.254216	0.464529	-0.168477	-0.011525	0.002791	0.025726	0.230246	0.226115	0.523546
2021-07-29 06:16:01.000000 	14.000000	55.908671	-160.407284	407.148991	-0.057259	-0.020922	0.040589	0.318344	0.258753	0.472811	-0.150224	-0.027732	0.000510	0.067782	0.234350	0.230147	0.532878
2021-07-29 06:16:02.000000 	15.000000	55.908671	-160.407284	407.148991	-0.027641	-0.007671	0.016107	0.338225	0.274921	0.502348	-0.181431	-0.014668	-0.002042	0.029377	0.248989	0.244524	0.566166
2021-07-29 06:16:03.000000 	16.000000	55.908671	-160.407284	407.148991	-0.029779	-0.009957	0.013377	0.287900	0.234023	0.427612	-0.152446	-0.018501	-0.000605	0.028674	0.211945	0.208145	0.481934
2021-07-29 06:16:04.000000 	17.000000	55.908671	-160.407284	407.148991	-0.034966	-0.004372	0.007905	0.314171	0.255387	0.466641	-0.168880	-0.024064	-0.007606	0.025832	0.231288	0.227143	0.525919
2021-07-29 06:16:05.000000 	18.000000	55.908671	-160.407284	407.148991	-0.038918	-0.013417	0.048525	0.298166	0.242385	0.442877	-0.141494	-0.006891	-0.000410	0.063258	0.219509	0.215575	0.499135
2021-07-29 06:16:06.000000 	19.000000	55.908671	-160.407284	407.148991	-0.032253	-0.012888	-0.006763	0.385599	0.313472	0.572756	-0.215837	-0.032533	0.001326	0.013853	0.283882	0.278796	0.645512
2021-07-29 06:16:07.000000 	20.000000	55.908671	-160.407284	407.148991	-0.034761	-0.006326	0.021095	0.284662	0.231423	0.422835	-0.146506	-0.017053	-0.005696	0.037015	0.209574	0.205820	0.476545
2021-07-29 06:16:08.000000 	21.000000	55.908671	-160.407284	407.148991	-0.033708	-0.021874	0.009455	0.284525	0.231320	0.422641	-0.149416	-0.027074	0.009304	0.029741	0.209476	0.205725	0.476325
2021-07-29 06:16:09.000000 	22.000000	55.908671	-160.407284	407.148991	-0.039809	-0.012110	0.045617	0.344507	0.280095	0.511750	-0.169520	-0.008853	-0.001940	0.061075	0.253641	0.249100	0.576751
2021-07-29 06:16:10.000000 	23.000000	55.908671	-160.407284	407.148991	-0.040597	-0.003275	0.023249	0.286458	0.232908	0.425529	-0.145270	-0.019552	-0.010529	0.041307	0.210906	0.207131	0.479577
2021-07-29 06:16:11.000000 	24.000000	55.908671	-160.407284	407.148991	-0.031569	-0.012174	0.010751	0.342760	0.278694	0.509174	-0.184585	-0.021984	0.000883	0.027862	0.252363	0.247847	0.573846
2021-07-29 06:16:12.000000 	25.000000	55.908671	-160.407284	407.148991	-0.038972	-0.013070	0.015290	0.250410	0.203612	0.371994	-0.126827	-0.025465	-0.000755	0.035698	0.184371	0.181072	0.419240
2021-07-29 06:16:13.000000 	26.000000	55.908671	-160.407284	407.148991	-0.036390	-0.016029	0.030529	0.386958	0.314653	0.574854	-0.200747	-0.015731	0.002898	0.047511	0.284913	0.279817	0.647864
2021-07-29 06:16:14.000000 	27.000000	55.908671	-160.407284	407.148991	-0.026366	-0.007406	0.009447	0.335821	0.273081	0.498895	-0.183047	-0.017332	-0.001864	0.023139	0.247265	0.242843	0.562256
2021-07-29 06:16:15.000000 	28.000000	55.908671	-160.407284	407.148991	-0.039165	-0.020392	0.024101	0.309058	0.251326	0.459145	-0.156714	-0.022710	0.006078	0.044473	0.227563	0.223494	0.517456
2021-07-29 06:16:16.000000 	29.000000	55.908671	-160.407284	407.148991	-0.032572	-0.000043	0.014110	0.349983	0.284617	0.519954	-0.188428	-0.017516	-0.010882	0.028893	0.257701	0.253094	0.585987
2021-07-29 06:16:17.000000 	30.000000	55.908671	-160.407284	407.148991	-0.035566	-0.009288	0.010309	0.253745	0.206360	0.376985	-0.132132	-0.024550	-0.003176	0.029065	0.186841	0.183502	0.424859
2021-07-29 06:16:18.000000 	31.000000	55.908671	-160.407284	407.148991	-0.041642	-0.017111	0.050495	0.337205	0.274245	0.500990	-0.162291	-0.008938	0.002156	0.067023	0.248300	0.243864	0.564612
2021-07-29 06:16:19.000000 	32.000000	55.908671	-160.407284	407.148991	-0.030175	-0.011479	0.002243	0.355015	0.288739	0.527461	-0.195457	-0.025473	0.000696	0.019949	0.261419	0.256749	0.594442
2021-07-29 06:16:20.000000 	33.000000	55.908671	-160.407284	407.148991	-0.033605	-0.023100	0.023008	0.281923	0.229300	0.418873	-0.142607	-0.019737	0.010494	0.041141	0.207600	0.203892	0.472063
2021-07-29 06:16:21.000000 	34.000000	55.908671	-160.407284	407.148991	-0.034248	-0.016390	0.015820	0.357283	0.290604	0.530852	-0.189854	-0.022404	0.003956	0.034267	0.263097	0.258400	0.598260
2021-07-29 06:16:22.000000 	35.000000	55.908671	-160.407284	407.148991	-0.035341	-0.021578	0.021291	0.318352	0.258948	0.473017	-0.164178	-0.021631	0.008478	0.040350	0.234433	0.230248	0.533080
2021-07-29 06:16:23.000000 	36.000000	55.908671	-160.407284	407.148991	-0.033346	-0.014891	0.025935	0.309391	0.251668	0.459712	-0.158518	-0.015615	0.002846	0.041885	0.227838	0.223772	0.518084
2021-07-29 06:16:24.000000 	37.000000	55.908671	-160.407284	407.148991	-0.025998	-0.020389	0.008917	0.255342	0.207710	0.379409	-0.135086	-0.020948	0.010490	0.024945	0.188038	0.184683	0.427583
2021-07-29 06:16:25.000000 	38.000000	55.908671	-160.407284	407.148991	-0.045877	-0.024557	0.039184	0.346969	0.282254	0.515566	-0.170476	-0.020650	0.007751	0.061292	0.255519	0.250960	0.581027
2021-07-29 06:16:26.000000 	39.000000	55.908671	-160.407284	407.148991	-0.024080	-0.013865	0.011600	0.306516	0.249355	0.455465	-0.165152	-0.016135	0.004987	0.024928	0.225731	0.221706	0.513294
2021-07-29 06:16:27.000000 	40.000000	55.908671	-160.407284	407.148991	-0.048072	-0.019926	0.030494	0.322652	0.262492	0.479452	-0.159623	-0.025946	0.002652	0.054383	0.237619	0.233382	0.540325
2021-07-29 06:16:28.000000 	41.000000	55.908671	-160.407284	407.148991	-0.033840	-0.020543	0.028845	0.336112	0.273451	0.499463	-0.172109	-0.015938	0.008006	0.045618	0.247536	0.243123	0.562874
2021-07-29 06:16:29.000000 	42.000000	55.908671	-160.407284	407.148991	-0.028464	-0.021322	0.009202	0.331316	0.269559	0.492344	-0.178357	-0.022971	0.010542	0.026658	0.244007	0.239658	0.554851
2021-07-29 06:16:30.000000 	43.000000	55.908671	-160.407284	407.148991	-0.044011	-0.010347	0.046036	0.285370	0.232186	0.424076	-0.133975	-0.011407	-0.005010	0.063310	0.210173	0.206428	0.477914
2021-07-29 06:16:31.000000 	44.000000	55.908671	-160.407284	407.148991	-0.034027	-0.034769	0.012397	0.307975	0.250587	0.457678	-0.160097	-0.029254	0.021345	0.034770	0.226825	0.222784	0.515780
2021-07-29 06:16:32.000000 	45.000000	55.908671	-160.407284	407.148991	-0.024631	-0.009083	0.013685	0.316754	0.257739	0.470733	-0.170683	-0.014069	0.000298	0.026047	0.233295	0.229140	0.530491
2021-07-29 06:16:33.000000 	46.000000	55.908671	-160.407284	407.148991	-0.038962	-0.043050	0.048875	0.322029	0.262040	0.478580	-0.151459	-0.014958	0.027492	0.069142	0.237183	0.232960	0.539333
2021-07-29 06:16:34.000000 	47.000000	55.908671	-160.407284	407.148991	-0.030765	-0.025516	0.023578	0.346393	0.281876	0.514799	-0.180385	-0.017872	0.013722	0.040568	0.255133	0.250591	0.580148
2021-07-29 06:16:35.000000 	48.000000	55.908671	-160.407284	407.148991	-0.033322	-0.020483	0.017384	0.303638	0.247093	0.451266	-0.157874	-0.021942	0.008124	0.035843	0.223646	0.219665	0.508549
2021-07-29 06:16:36.000000 	49.000000	55.908671	-160.407284	407.148991	-0.039261	0.018826	-0.026797	0.264461	0.215219	0.393049	-0.152995	-0.040423	-0.030901	-0.004998	0.194793	0.191327	0.442941
2021-07-29 06:16:37.000000 	50.000000	55.908671	-160.407284	407.148991	-0.104362	0.022289	-0.021997	0.313917	0.255475	0.466560	-0.155212	-0.087563	-0.055995	0.032703	0.231224	0.227110	0.525781
2021-07-29 06:16:38.000000 	51.000000	55.908671	-160.407284	407.148991	-0.035012	-0.052022	0.012820	0.322912	0.262805	0.479938	-0.165528	-0.034577	0.037269	0.038884	0.237854	0.233623	0.540855
2021-07-29 06:16:39.000000 	52.000000	55.908671	-160.407284	407.148991	0.018549	-0.031066	0.066490	0.361407	0.294145	0.537163	-0.181314	0.043113	0.035488	0.051107	0.266213	0.261479	0.605342
2021-07-29 06:16:40.000000 	53.000000	55.908671	-160.407284	407.148991	-0.031819	0.013102	-0.010296	0.269925	0.219697	0.401200	-0.152425	-0.026958	-0.023014	0.005814	0.198831	0.195296	0.452121
2021-07-29 06:16:41.000000 	54.000000	55.908671	-160.407284	407.148991	-0.057116	0.000250	0.024274	0.281837	0.229400	0.418913	-0.137278	-0.030886	-0.019389	0.050216	0.207609	0.203919	0.472081
2021-07-29 06:16:42.000000 	55.000000	55.908671	-160.407284	407.148991	-0.025073	-0.009493	0.012289	0.335244	0.272880	0.498304	-0.181819	-0.015310	0.000535	0.025201	0.246954	0.242566	0.561547
2021-07-29 06:16:43.000000 	56.000000	55.908671	-160.407284	407.148991	-0.049653	-0.011103	0.048089	0.339577	0.276417	0.504754	-0.163064	-0.014868	-0.006190	0.068131	0.250151	0.245706	0.568814
2021-07-29 06:16:44.000000 	57.000000	55.908671	-160.407284	407.148991	-0.038411	-0.001922	-0.002314	0.296959	0.241734	0.441414	-0.161978	-0.031799	-0.011069	0.018729	0.218759	0.214873	0.497433
2021-07-29 06:16:45.000000 	58.000000	55.908671	-160.407284	407.148991	-0.050397	0.012285	0.053360	0.308737	0.251331	0.458931	-0.144441	-0.005999	-0.028473	0.068493	0.227440	0.223401	0.517171
2021-07-29 06:16:46.000000 	59.000000	55.908671	-160.407284	407.148991	-0.057594	0.003608	0.039868	0.361081	0.293953	0.536748	-0.177752	-0.021586	-0.022713	0.062752	0.266005	0.261282	0.604863
2021-07-29 06:16:47.000000 	60.000000	55.908671	-160.407284	407.148991	-0.016924	-0.028054	0.021885	0.339076	0.276048	0.504047	-0.180112	-0.008728	0.020754	0.032334	0.249798	0.245364	0.568010
2021-07-29 06:16:48.000000 	61.000000	55.908671	-160.407284	407.148991	-0.035899	-0.017245	0.062518	0.300675	0.244794	0.446971	-0.137670	0.002245	0.004208	0.073972	0.221513	0.217581	0.503690
2021-07-29 06:16:49.000000 	62.000000	55.908671	-160.407284	407.148991	-0.033851	-0.003043	0.009104	0.348898	0.284065	0.518667	-0.189186	-0.022152	-0.008484	0.025987	0.257044	0.252483	0.584482
2021-07-29 06:16:50.000000 	63.000000	55.908671	-160.407284	407.148991	-0.052101	-0.009449	0.029781	0.303710	0.247283	0.451499	-0.148791	-0.026581	-0.008570	0.053951	0.223756	0.219786	0.508790
2021-07-29 06:16:51.000000 	64.000000	55.908671	-160.407284	407.148991	-0.045937	-0.019215	0.017130	0.306468	0.249537	0.455608	-0.156086	-0.031574	0.002699	0.042056	0.225792	0.221787	0.513419
2021-07-29 06:16:52.000000 	65.000000	55.908671	-160.407284	407.148991	-0.024886	-0.030963	0.010517	0.358102	0.291590	0.532380	-0.193162	-0.022120	0.020825	0.027671	0.263839	0.259160	0.599930
2021-07-29 06:16:53.000000 	66.000000	55.908671	-160.407284	407.148991	-0.002936	0.007105	0.035343	0.299549	0.243921	0.445339	-0.158883	0.019492	-0.007679	0.029484	0.220702	0.216789	0.501843
2021-07-29 06:16:54.000000 	67.000000	55.908671	-160.407284	407.148991	-0.038852	-0.010152	-0.002372	0.246873	0.201034	0.367032	-0.131748	-0.034461	-0.003464	0.020459	0.181895	0.178670	0.413599
2021-07-29 06:16:55.000000 	68.000000	55.908671	-160.407284	407.148991	-0.038702	0.003585	0.035334	0.386073	0.314399	0.573994	-0.199690	-0.009395	-0.016356	0.049024	0.284462	0.279420	0.646819
2021-07-29 06:16:56.000000 	69.000000	55.908671	-160.407284	407.148991	-0.033610	-0.018244	0.013010	0.293678	0.239166	0.436634	-0.154007	-0.023997	0.005917	0.031952	0.216388	0.212554	0.492030
2021-07-29 06:16:57.000000 	70.000000	55.908671	-160.407284	407.148991	-0.024649	-0.004608	0.020011	0.264894	0.215732	0.393845	-0.138609	-0.009294	-0.003924	0.030454	0.195183	0.191725	0.443811
2021-07-29 06:16:58.000000 	71.000000	55.908671	-160.407284	407.148991	-0.054943	0.014395	0.028810	0.370502	0.301752	0.550875	-0.189175	-0.022720	-0.031986	0.050166	0.273003	0.268168	0.620760
2021-07-29 06:16:59.000000 	72.000000	55.908671	-160.407284	407.148991	-0.020639	-0.047169	-0.002262	0.255940	0.208455	0.380547	-0.136670	-0.030469	0.037517	0.017891	0.188592	0.185253	0.428823
2021-07-29 06:17:00.000000 	73.000000	55.908671	-160.407284	407.148991	-0.042525	0.022413	0.023125	0.273224	0.222541	0.406253	-0.138694	-0.013992	-0.035376	0.037394	0.201332	0.197767	0.457789
2021-07-29 06:17:01.000000 	74.000000	55.908671	-160.407284	407.148991	-0.060389	-0.011155	0.021866	0.390723	0.318255	0.580972	-0.199923	-0.037957	-0.009741	0.052094	0.287919	0.282823	0.654670
2021-07-29 06:17:02.000000 	75.000000	55.908671	-160.407284	407.148991	-0.053667	-0.057088	0.007672	0.317025	0.258235	0.471398	-0.157541	-0.053424	0.035786	0.045423	0.233616	0.229482	0.531195
2021-07-29 06:17:03.000000 	76.000000	55.908671	-160.407284	407.148991	-0.006633	0.017320	0.008070	0.259919	0.211726	0.386491	-0.147069	0.004158	-0.018541	0.006930	0.191538	0.188149	0.435516
2021-07-29 06:17:04.000000 	77.000000	55.908671	-160.407284	407.148991	-0.031474	-0.036775	0.052970	0.321988	0.262296	0.478794	-0.152759	-0.005077	0.024092	0.067399	0.237282	0.233085	0.539526
2021-07-29 06:17:05.000000 	78.000000	55.908671	-160.407284	407.148991	-0.051606	-0.003141	-0.010665	0.308104	0.250995	0.458157	-0.167167	-0.047113	-0.014346	0.019009	0.227054	0.223039	0.516270
2021-07-29 06:17:06.000000 	79.000000	55.908671	-160.407284	407.148991	-0.025939	-0.017911	0.027680	0.357062	0.290889	0.530969	-0.187294	-0.009697	0.008176	0.039987	0.263138	0.258486	0.598315
2021-07-29 06:17:07.000000 	80.000000	55.908671	-160.407284	407.148991	-0.032443	0.024452	0.044832	0.289780	0.236085	0.430925	-0.142657	0.006608	-0.033915	0.049663	0.213559	0.209784	0.485581
2021-07-29 06:17:08.000000 	81.000000	55.908671	-160.407284	407.148991	-0.028775	-0.011683	0.004472	0.340473	0.277395	0.506318	-0.186680	-0.023188	0.001358	0.021094	0.250922	0.246487	0.570534
2021-07-29 06:17:09.000000 	82.000000	55.908671	-160.407284	407.148991	-0.034257	0.025946	0.061183	0.323089	0.263241	0.480475	-0.154790	0.014772	-0.035931	0.063881	0.238115	0.233907	0.541412
2021-07-29 06:17:10.000000 	83.000000	55.908671	-160.407284	407.148991	-0.074720	-0.067861	0.048663	0.364687	0.297145	0.542347	-0.162225	-0.049865	0.038876	0.092512	0.268778	0.264029	0.611129
2021-07-29 06:17:11.000000 	84.000000	55.908671	-160.407284	407.148991	-0.021537	0.004130	0.040010	0.287806	0.234511	0.428021	-0.145385	0.006770	-0.011113	0.043730	0.212120	0.208373	0.482302
2021-07-29 06:17:12.000000 	85.000000	55.908671	-160.407284	407.148991	-0.042041	-0.037400	0.026814	0.372730	0.303720	0.554327	-0.189842	-0.028156	0.021136	0.051436	0.274715	0.269864	0.624625
2021-07-29 06:17:13.000000 	86.000000	55.908671	-160.407284	407.148991	-0.033696	-0.037081	0.045853	0.264927	0.215884	0.394009	-0.121735	-0.010886	0.023634	0.062737	0.195264	0.191817	0.443975
2021-07-29 06:17:14.000000 	87.000000	55.908671	-160.407284	407.148991	-0.030496	0.003846	-0.002569	0.350587	0.285697	0.521415	-0.196325	-0.024165	-0.013849	0.013253	0.258405	0.253844	0.587536
2021-07-29 06:17:15.000000 	88.000000	55.908671	-160.407284	407.148991	-0.037726	0.001505	0.010268	0.281842	0.229685	0.419181	-0.149028	-0.023261	-0.014069	0.028142	0.207740	0.204074	0.472336
2021-07-29 06:17:16.000000 	89.000000	55.908671	-160.407284	407.148991	-0.032559	-0.048650	0.008779	0.339862	0.276977	0.505481	-0.178382	-0.033992	0.034915	0.033607	0.250509	0.246089	0.569578
2021-07-29 06:17:17.000000 	90.000000	55.908671	-160.407284	407.148991	-0.014018	0.004768	0.023060	0.244095	0.198938	0.363053	-0.129022	0.003313	-0.009193	0.025603	0.179924	0.176750	0.409088
2021-07-29 06:17:18.000000 	91.000000	55.908671	-160.407284	407.148991	-0.036545	-0.027429	0.006689	0.340489	0.277509	0.506433	-0.181693	-0.032380	0.013586	0.029993	0.250981	0.246555	0.570647
2021-07-29 06:17:19.000000 	92.000000	55.908671	-160.407284	407.148991	-0.021053	-0.012439	0.020742	0.284438	0.231834	0.423072	-0.149866	-0.008254	0.004658	0.030633	0.209669	0.205972	0.476714
2021-07-29 06:17:20.000000 	93.000000	55.908671	-160.407284	407.148991	-0.025187	0.024644	0.009187	0.323291	0.263510	0.480869	-0.178871	-0.007658	-0.031663	0.016276	0.238313	0.234111	0.541838
2021-07-29 06:17:21.000000 	94.000000	55.908671	-160.407284	407.148991	-0.038935	-0.024219	0.025942	0.268823	0.219122	0.399859	-0.132301	-0.022562	0.009760	0.046596	0.198165	0.194673	0.450556
2021-07-29 06:17:22.000000 	95.000000	55.908671	-160.407284	407.148991	-0.006157	-0.005768	0.006604	0.304418	0.248146	0.452813	-0.171666	-0.002704	0.003369	0.009804	0.224409	0.220455	0.510222
2021-07-29 06:17:23.000000 	96.000000	55.908671	-160.407284	407.148991	-0.063299	0.005277	0.029937	0.330708	0.269586	0.491928	-0.162248	-0.031140	-0.026197	0.057226	0.243794	0.239499	0.554294
2021-07-29 06:17:24.000000 	97.000000	55.908671	-160.407284	407.148991	-0.074390	-0.025947	-0.009289	0.349081	0.284573	0.519266	-0.180450	-0.070451	-0.000501	0.036467	0.257343	0.252810	0.585096
2021-07-29 06:17:25.000000 	98.000000	55.908671	-160.407284	407.148991	-0.034483	-0.007794	0.031652	0.322043	0.262541	0.479055	-0.164213	-0.011326	-0.004221	0.045887	0.237415	0.233234	0.539786
2021-07-29 06:17:26.000000 	99.000000	55.908671	-160.407284	407.148991	-0.007201	-0.006657	0.076212	0.307720	0.250874	0.457758	-0.143678	0.035251	0.003856	0.068168	0.226861	0.222867	0.515787
2021-07-29 06:17:27.000000 	100.000000	55.908671	-160.407284	407.148991	-0.066834	-0.000960	0.004494	0.332634	0.271195	0.494827	-0.171195	-0.049892	-0.021507	0.039194	0.245232	0.240915	0.557554
2021-07-29 06:17:28.000000 	101.000000	55.908671	-160.407284	407.148991	-0.056101	-0.013767	0.007215	0.341157	0.278155	0.507516	-0.177592	-0.043549	-0.005842	0.038187	0.251521	0.247095	0.571849
2021-07-29 06:17:29.000000 	102.000000	55.908671	-160.407284	407.148991	-0.023790	0.004587	0.030702	0.291364	0.237565	0.433448	-0.150796	-0.000078	-0.012299	0.037126	0.214815	0.211035	0.488392
2021-07-29 06:17:30.000000 	103.000000	55.908671	-160.407284	407.148991	-0.037217	-0.007150	0.016521	0.344525	0.280921	0.512544	-0.182535	-0.021762	-0.005744	0.034679	0.254014	0.249546	0.577511
2021-07-29 06:17:31.000000 	104.000000	55.908671	-160.407284	407.148991	-0.049215	-0.019356	0.004612	0.292651	0.238632	0.435379	-0.151700	-0.041188	0.001732	0.033446	0.215772	0.211977	0.490564
2021-07-29 06:17:32.000000 	105.000000	55.908671	-160.407284	407.148991	-0.064404	-0.011215	0.050840	0.325948	0.265793	0.484924	-0.149687	-0.024866	-0.011031	0.078219	0.240327	0.236101	0.546387
2021-07-29 06:17:33.000000 	106.000000	55.908671	-160.407284	407.148991	-0.018240	-0.003224	0.007983	0.298987	0.243816	0.444820	-0.165130	-0.010651	-0.003079	0.016849	0.220452	0.216576	0.501198
2021-07-29 06:17:34.000000 	107.000000	55.908671	-160.407284	407.148991	-0.017434	-0.016241	0.033205	0.294514	0.240178	0.438174	-0.151212	0.000500	0.009454	0.039758	0.217159	0.213341	0.493708
2021-07-29 06:17:35.000000 	108.000000	55.908671	-160.407284	407.148991	-0.023238	-0.005053	0.032988	0.335716	0.273788	0.499481	-0.174950	-0.001043	-0.003032	0.040540	0.247543	0.243193	0.562784
2021-07-29 06:17:36.000000 	109.000000	55.908671	-160.407284	407.148991	-0.064965	-0.003145	0.025422	0.287258	0.234278	0.427392	0.189942	-0.037309	-0.018822	0.055949	0.211816	0.208095	0.481557
2021-07-29 06:17:37.000000 	110.000000	55.908671	-160.407284	407.148991	-0.021787	-0.012713	0.045169	0.223372	0.182181	0.332346	-0.104184	0.004789	0.004671	0.051301	0.164712	0.161818	0.374464
2021-07-29 06:17:38.000000 	111.000000	55.908671	-160.407284	407.148991	-0.036280	-0.005954	0.035837	0.398675	0.325170	0.593184	-0.206808	-0.009872	-0.006557	0.049956	0.293985	0.288821	0.668356
2021-07-29 06:17:39.000000 	112.000000	55.908671	-160.407284	407.148991	-0.016411	-0.036817	0.036821	0.880128	0.717882	1.309553	-0.487409	-0.002390	0.029182	0.046079	0.649023	0.637625	1.475505
2021-07-29 06:17:40.000000 	113.000000	55.908671	-160.407284	407.148991	-0.036901	-0.009787	0.024303	0.366190	0.298696	0.544868	-0.191961	-0.017886	-0.003153	0.041452	0.270041	0.265300	0.613914
2021-07-29 06:17:41.000000 	114.000000	55.908671	-160.407284	407.148991	-0.048373	-0.043677	0.011444	0.334340	0.272726	0.497485	-0.170489	-0.043456	0.024927	0.043230	0.246558	0.242230	0.560525
2021-07-29 06:17:42.000000 	115.000000	55.908671	-160.407284	407.148991	-0.036992	-0.008535	0.026030	0.288304	0.235183	0.428994	-0.146070	-0.016641	-0.004364	0.042695	0.212614	0.208882	0.483353
2021-07-29 06:17:43.000000 	116.000000	55.908671	-160.407284	407.148991	-0.032319	-0.030971	0.022538	0.329843	0.269078	0.490810	-0.170221	-0.021183	0.018341	0.041552	0.243251	0.238983	0.553001
2021-07-29 06:17:44.000000 	117.000000	55.908671	-160.407284	407.148991	-0.040361	0.014382	0.016182	0.280504	0.228837	0.417400	-0.146123	-0.018425	-0.027084	0.032011	0.206869	0.203240	0.470288
2021-07-29 06:17:45.000000 	118.000000	55.908671	-160.407284	407.148991	-0.036886	-0.017288	0.008245	0.358509	0.292484	0.533484	-0.192889	-0.028957	0.003918	0.029556	0.264402	0.259765	0.601077
2021-07-29 06:17:46.000000 	119.000000	55.908671	-160.407284	407.148991	-0.035805	-0.007045	0.022162	0.288526	0.235398	0.429352	-0.148220	-0.017469	-0.005369	0.038585	0.212794	0.209062	0.483750
2021-07-29 06:17:47.000000 	120.000000	55.908671	-160.407284	407.148991	-0.034164	-0.020954	0.031094	0.287788	0.234805	0.428262	-0.143206	-0.015045	0.008284	0.047730	0.212254	0.208533	0.482520
2021-07-29 06:17:48.000000 	121.000000	55.908671	-160.407284	407.148991	-0.018755	0.012053	0.000201	0.328496	0.268029	0.488848	-0.186553	-0.011173	-0.017644	0.007805	0.242283	0.238035	0.550781
2021-07-29 06:17:49.000000 	122.000000	55.908671	-160.407284	407.148991	-0.052744	-0.012597	0.043297	0.294792	0.240538	0.438700	-0.137967	-0.020381	-0.005819	0.066076	0.217429	0.213618	0.494278
2021-07-29 06:17:50.000000 	123.000000	55.908671	-160.407284	407.148991	-0.025551	0.003354	0.018244	0.315278	0.257263	0.469193	-0.169199	-0.008777	-0.011728	0.027971	0.232543	0.228468	0.528632
2021-07-29 06:17:51.000000 	124.000000	55.908671	-160.407284	407.148991	-0.051798	-0.010590	0.037550	0.403543	0.329298	0.600558	-0.204184	-0.022306	-0.007392	0.060440	0.297652	0.292437	0.676637
2021-07-29 06:17:52.000000 	125.000000	55.908671	-160.407284	407.148991	-0.050436	0.007308	0.029242	0.266238	0.217263	0.396226	-0.129076	-0.020930	-0.023798	0.049477	0.196380	0.192941	0.446419
2021-07-29 06:17:53.000000 	126.000000	55.908671	-160.407284	407.148991	-0.024164	-0.004470	0.039576	0.385205	0.314357	0.573286	-0.200881	0.002089	-0.003892	0.046375	0.284137	0.279161	0.645907
2021-07-29 06:17:54.000000 	127.000000	55.908671	-160.407284	407.148991	-0.034100	-0.035276	0.029685	0.267263	0.218116	0.397765	-0.129812	-0.019762	0.021799	0.049221	0.197144	0.193692	0.448149
2021-07-29 06:17:55.000000 	128.000000	55.908671	-160.407284	407.148991	-0.051818	-0.007284	0.024284	0.328004	0.267697	0.488173	-0.165597	-0.028840	-0.010514	0.048843	0.241954	0.237719	0.550008
2021-07-29 06:17:56.000000 	129.000000	55.908671	-160.407284	407.148991	-0.052869	-0.028721	0.030970	0.312206	0.254813	0.464669	-0.151070	-0.031865	0.009329	0.058964	0.230306	0.226275	0.523525
2021-07-29 06:17:57.000000 	130.000000	55.908671	-160.407284	407.148991	-0.019091	-0.002256	0.024562	0.300865	0.245566	0.447796	-0.159558	-0.001754	-0.004276	0.030846	0.221944	0.218060	0.504513
2021-07-29 06:17:58.000000 	131.000000	55.908671	-160.407284	407.148991	-0.021533	-0.015895	0.024866	0.338706	0.276462	0.504125	-0.179332	-0.007276	0.007754	0.034951	0.249864	0.245492	0.567976
2021-07-29 06:17:59.000000 	132.000000	55.908671	-160.407284	407.148991	-0.036522	-0.001955	0.025753	0.292412	0.238685	0.435230	-0.149378	-0.014603	-0.010405	0.040980	0.215718	0.211944	0.490353
2021-07-29 06:18:00.000000 	133.000000	55.908671	-160.407284	407.148991	-0.037692	-0.007366	0.029733	0.383149	0.312761	0.570293	-0.199780	-0.014787	-0.005700	0.045911	0.282662	0.277718	0.642520
2021-07-29 06:18:01.000000 	134.000000	55.908671	-160.407284	407.148991	-0.048574	-0.031049	0.025983	0.292525	0.238794	0.435412	-0.142449	-0.031956	0.012962	0.053004	0.215810	0.212036	0.490555
2021-07-29 06:18:02.000000 	135.000000	55.908671	-160.407284	407.148991	-0.038688	-0.005461	0.030228	0.293874	0.239905	0.437427	-0.147523	-0.014758	-0.007828	0.046489	0.216810	0.213019	0.492824
2021-07-29 06:18:03.000000 	136.000000	55.908671	-160.407284	407.148991	-0.038382	-0.012310	0.020631	0.319592	0.260909	0.475716	-0.165669	-0.021800	-0.001273	0.039667	0.235788	0.231667	0.535960
2021-07-29 06:18:04.000000 	137.000000	55.908671	-160.407284	407.148991	-0.034692	-0.006988	0.003656	0.292313	0.238648	0.435118	-0.157911	-0.026958	-0.005050	0.022661	0.215667	0.211898	0.490219
2021-07-29 06:18:05.000000 	138.000000	55.908671	-160.407284	407.148991	-0.038025	-0.019006	0.042752	0.291233	0.237775	0.433518	-0.139775	-0.010982	0.005155	0.059056	0.214875	0.211120	0.488414
2021-07-29 06:18:06.000000 	139.000000	55.908671	-160.407284	407.148991	-0.043744	-0.008014	0.009561	0.378614	0.309128	0.563598	-0.203180	-0.030995	-0.007119	0.032524	0.279351	0.274471	0.634965
2021-07-29 06:18:07.000000 	140.000000	55.908671	-160.407284	407.148991	-0.029216	-0.016406	0.032722	0.307961	0.251452	0.458434	-0.156263	-0.009009	0.005659	0.045610	0.227227	0.223258	0.516482
2021-07-29 06:18:08.000000 	141.000000	55.908671	-160.407284	407.148991	-0.027402	0.002891	0.019604	0.280249	0.228833	0.417188	-0.147790	-0.009588	-0.011913	0.030162	0.206784	0.203173	0.470012
2021-07-29 06:18:09.000000 	142.000000	55.908671	-160.407284	407.148991	-0.041956	-0.004056	0.002058	0.315222	0.257400	0.469258	-0.169959	-0.032706	-0.010248	0.024622	0.232594	0.228533	0.528674
2021-07-29 06:18:10.000000 	143.000000	55.908671	-160.407284	407.148991	-0.046115	-0.028027	0.059232	0.322075	0.263006	0.479467	-0.147786	-0.010562	0.010940	0.078672	0.237656	0.233507	0.540173
2021-07-29 06:18:11.000000 	144.000000	55.908671	-160.407284	407.148991	-0.036651	-0.004140	0.013975	0.266761	0.217844	0.397128	-0.138797	-0.021912	-0.008390	0.031705	0.196844	0.193409	0.447408
2021-07-29 06:18:12.000000 	145.000000	55.908671	-160.407284	407.148991	-0.023185	0.004626	0.044857	0.299966	0.244970	0.446569	-0.150232	0.008339	-0.012133	0.048522	0.221351	0.217489	0.503106
2021-07-29 06:18:13.000000 	146.000000	55.908671	-160.407284	407.148991	-0.035762	-0.017094	0.005392	0.341451	0.278860	0.508337	-0.184488	-0.029626	0.004112	0.026563	0.251969	0.247573	0.572693
2021-07-29 06:18:14.000000 	147.000000	55.908671	-160.407284	407.148991	-0.063350	-0.017758	0.034544	0.259643	0.212056	0.386551	-0.116813	-0.034995	-0.004514	0.065398	0.191604	0.188262	0.435488
2021-07-29 06:18:15.000000 	148.000000	55.908671	-160.407284	407.148991	-0.022889	-0.022078	0.010155	0.384791	0.314279	0.572878	-0.210860	-0.018297	0.013124	0.024646	0.283964	0.279011	0.645400
2021-07-29 06:18:16.000000 	149.000000	55.908671	-160.407284	407.148991	-0.051631	0.008989	0.044424	0.264606	0.216125	0.393952	-0.121881	-0.012886	-0.025783	0.062365	0.195275	0.191870	0.443822
2021-07-29 06:18:17.000000 	150.000000	55.908671	-160.407284	407.148991	-0.034039	-0.013706	0.025841	0.341132	0.278641	0.507895	-0.177311	-0.015879	0.001498	0.041951	0.251756	0.247367	0.572187
2021-07-29 06:18:18.000000 	151.000000	55.908671	-160.407284	407.148991	-0.035185	-0.019978	0.031868	0.367180	0.299929	0.546685	-0.189062	-0.015136	0.007022	0.048726	0.270985	0.266261	0.615885
2021-07-29 06:18:19.000000 	152.000000	55.908671	-160.407284	407.148991	-0.033091	-0.027124	0.013567	0.286812	0.234289	0.427034	-0.149016	-0.025745	0.014457	0.033807	0.211676	0.207988	0.481087
2021-07-29 06:18:20.000000 	153.000000	55.908671	-160.407284	407.148991	-0.032473	0.007374	0.029925	0.289162	0.236218	0.430539	-0.147788	-0.006515	-0.017837	0.040544	0.213415	0.209697	0.485035
2021-07-29 06:18:21.000000 	154.000000	55.908671	-160.407284	407.148991	-0.055356	-0.006374	0.035562	0.335466	0.274055	0.499491	-0.164683	-0.025025	-0.012557	0.059880	0.247596	0.243283	0.562712
2021-07-29 06:18:22.000000 	155.000000	55.908671	-160.407284	407.148991	-0.043795	-0.012400	0.027327	0.318372	0.260099	0.474046	-0.160827	-0.022295	-0.003004	0.048088	0.234984	0.230891	0.534045
2021-07-29 06:18:23.000000 	156.000000	55.908671	-160.407284	407.148991	-0.034626	-0.015593	0.022803	0.301523	0.246343	0.448965	-0.155089	-0.018564	0.003079	0.040099	0.222553	0.218677	0.505788
2021-07-29 06:18:24.000000 	157.000000	55.908671	-160.407284	407.148991	-0.015086	-0.002976	0.013583	0.307471	0.251212	0.457829	-0.168870	-0.004983	-0.002255	0.019775	0.226948	0.222997	0.515772
2021-07-29 06:18:25.000000 	158.000000	55.908671	-160.407284	407.148991	-0.041531	-0.018925	0.060666	0.304186	0.248538	0.452946	-0.139124	-0.003654	0.003902	0.075729	0.224529	0.220620	0.510269
2021-07-29 06:18:26.000000 	159.000000	55.908671	-160.407284	407.148991	-0.033349	0.004317	0.010750	0.306857	0.250730	0.456930	-0.165202	-0.018794	-0.015250	0.025701	0.226505	0.222563	0.514755
2021-07-29 06:18:27.000000 	160.000000	55.908671	-160.407284	407.148991	-0.029337	-0.015030	0.033722	0.308953	0.252452	0.460058	-0.156634	-0.008161	0.004322	0.046244	0.228057	0.224089	0.518277
2021-07-29 06:18:28.000000 	161.000000	55.908671	-160.407284	407.148991	-0.039930	-0.016536	0.024345	0.335618	0.274251	0.499772	-0.172743	-0.022099	0.002189	0.044355	0.247745	0.243435	0.563015
2021-07-29 06:18:29.000000 	162.000000	55.908671	-160.407284	407.148991	-0.030695	0.013752	0.022523	0.277520	0.226785	0.413265	-0.144910	-0.007504	-0.023249	0.032276	0.204864	0.201300	0.465560
2021-07-29 06:18:30.000000 	163.000000	55.908671	-160.407284	407.148991	-0.035750	-0.034694	0.017940	0.330759	0.270301	0.492552	-0.171211	-0.027471	0.020697	0.040257	0.244169	0.239923	0.554878
2021-07-29 06:18:31.000000 	164.000000	55.908671	-160.407284	407.148991	-0.038015	-0.006020	0.036585	0.264160	0.215884	0.393383	-0.127898	-0.010825	-0.007076	0.051503	0.195010	0.191619	0.443158
2021-07-29 06:18:32.000000 	165.000000	55.908671	-160.407284	407.148991	-0.039163	-0.003905	0.044355	0.316557	0.258714	0.471417	-0.155185	-0.006778	-0.009454	0.058147	0.233696	0.229633	0.531065
2021-07-29 06:18:33.000000 	166.000000	55.908671	-160.407284	407.148991	-0.061663	-0.009693	0.040555	0.325422	0.265970	0.484627	-0.154628	-0.028069	-0.011545	0.067969	0.240246	0.236070	0.545945
2021-07-29 06:18:34.000000 	167.000000	55.908671	-160.407284	407.148991	-0.043726	-0.020760	0.012609	0.323324	0.264265	0.481510	-0.168459	-0.032813	0.004896	0.037434	0.238702	0.234554	0.542432
2021-07-29 06:18:35.000000 	168.000000	55.908671	-160.407284	407.148991	-0.026174	-0.001668	0.011817	0.316858	0.258990	0.471888	-0.172186	-0.014260	-0.007205	0.023921	0.233934	0.229869	0.531590
2021-07-29 06:18:36.000000 	169.000000	55.908671	-160.407284	407.148991	-0.044534	-0.020255	0.044528	0.347742	0.284245	0.517891	-0.170160	-0.015411	0.004148	0.064199	0.256741	0.252281	0.583412
2021-07-29 06:18:37.000000 	170.000000	55.908671	-160.407284	407.148991	-0.029586	-0.004031	0.012834	0.284810	0.232813	0.424173	-0.151950	-0.017009	-0.006124	0.027009	0.210283	0.206630	0.477835
2021-07-29 06:18:38.000000 	171.000000	55.908671	-160.407284	407.148991	-0.050772	-0.015832	0.030330	0.278044	0.227291	0.414103	-0.133649	-0.027008	-0.002110	0.054904	0.205292	0.201727	0.466489
2021-07-29 06:18:39.000000 	172.000000	55.908671	-160.407284	407.148991	-0.034262	-0.014177	0.020733	0.355608	0.290708	0.529631	-0.187712	-0.019047	0.001867	0.037927	0.262567	0.258008	0.596631
2021-07-29 06:18:40.000000 	173.000000	55.908671	-160.407284	407.148991	-0.031118	-0.001578	0.034063	0.297542	0.243249	0.443157	-0.150755	-0.005624	-0.008948	0.044938	0.219698	0.215884	0.499215
2021-07-29 06:18:41.000000 	174.000000	55.908671	-160.407284	407.148991	-0.035731	-0.011325	0.012290	0.296916	0.242746	0.442230	-0.156677	-0.024134	-0.001313	0.031175	0.219241	0.215436	0.498170
2021-07-29 06:18:42.000000 	175.000000	55.908671	-160.407284	407.148991	-0.054271	-0.005940	0.049195	0.316455	0.258731	0.471340	-0.148627	-0.016417	-0.012603	0.070515	0.233674	0.229619	0.530960
2021-07-29 06:18:43.000000 	176.000000	55.908671	-160.407284	407.148991	-0.032384	0.004463	0.002463	0.325785	0.266369	0.485243	-0.179778	-0.022646	-0.015064	0.018302	0.240569	0.236395	0.546620
2021-07-29 06:18:44.000000 	177.000000	55.908671	-160.407284	407.148991	-0.036594	-0.004630	0.017224	0.313147	0.256045	0.466426	-0.164684	-0.020182	-0.007909	0.034458	0.231241	0.227230	0.525421
2021-07-29 06:18:45.000000 	178.000000	55.908671	-160.407284	407.148991	-0.046682	-0.017453	0.045875	0.324373	0.265234	0.483155	-0.155724	-0.015555	0.000788	0.065922	0.239537	0.235382	0.544264
2021-07-29 06:18:46.000000 	179.000000	55.908671	-160.407284	407.148991	-0.021440	-0.017708	0.029516	0.333472	0.272685	0.496715	-0.174422	-0.005100	0.009493	0.039094	0.246262	0.241991	0.559538
2021-07-29 06:18:47.000000 	180.000000	55.908671	-160.407284	407.148991	-0.036643	-0.016517	0.026837	0.310388	0.253818	0.462337	-0.158085	-0.018133	0.003273	0.044679	0.229220	0.225245	0.520810
2021-07-29 06:18:48.000000 	181.000000	55.908671	-160.407284	407.148991	-0.036653	-0.009152	0.056226	0.332662	0.272043	0.495524	-0.159974	0.000378	-0.003669	0.067638	0.245675	0.241416	0.558191
2021-07-29 06:18:49.000000 	182.000000	55.908671	-160.407284	407.148991	-0.020984	-0.002123	0.001581	0.273404	0.223592	0.407261	-0.152339	-0.016075	-0.005037	0.012789	0.201917	0.198417	0.458765
2021-07-29 06:18:50.000000 	183.000000	55.908671	-160.407284	407.148991	-0.046254	-0.018334	0.035363	0.304646	0.249152	0.453805	-0.148408	-0.021357	0.001762	0.057156	0.224995	0.221096	0.511193
2021-07-29 06:18:51.000000 	184.000000	55.908671	-160.407284	407.148991	-0.029082	0.000650	0.020705	0.306220	0.250449	0.456157	-0.161955	-0.010904	-0.010364	0.032381	0.226163	0.222244	0.513841
2021-07-29 06:18:52.000000 	185.000000	55.908671	-160.407284	407.148991	-0.059427	-0.008888	0.041572	0.356996	0.291988	0.531803	-0.173578	-0.025531	-0.011555	0.067480	0.263670	0.259102	0.599050
2021-07-29 06:18:53.000000 	186.000000	55.908671	-160.407284	407.148991	-0.035158	-0.004206	0.012098	0.301109	0.246287	0.448557	-0.160138	-0.021817	-0.007828	0.029375	0.222398	0.218546	0.505276
2021-07-29 06:18:54.000000 	187.000000	55.908671	-160.407284	407.148991	-0.041364	-0.004084	0.030020	0.327240	0.267671	0.487492	-0.166593	-0.016580	-0.010023	0.047471	0.241704	0.237519	0.549132
2021-07-29 06:18:55.000000 	188.000000	55.908671	-160.407284	407.148991	-0.044272	-0.023355	0.060875	0.296110	0.242217	0.441124	-0.133180	-0.006905	0.007157	0.078181	0.218716	0.214929	0.496899
2021-07-29 06:18:56.000000 	189.000000	55.908671	-160.407284	407.148991	-0.027716	0.001243	0.002361	0.336234	0.275049	0.500904	-0.187036	-0.019955	-0.010465	0.016357	0.248359	0.244059	0.564237
2021-07-29 06:18:57.000000 	190.000000	55.908671	-160.407284	407.148991	-0.049948	-0.017462	0.015990	0.310502	0.254010	0.462577	-0.158249	-0.034855	-0.000298	0.042900	0.229357	0.225388	0.521062
2021-07-29 06:18:58.000000 	191.000000	55.908671	-160.407284	407.148991	-0.032839	-0.000817	0.029862	0.276985	0.226599	0.412651	-0.140111	-0.009110	-0.010242	0.042225	0.204604	0.201064	0.464821
2021-07-29 06:18:59.000000 	192.000000	55.908671	-160.407284	407.148991	-0.058383	-0.023421	0.037152	0.354427	0.289966	0.528032	-0.172635	-0.031230	0.002487	0.066000	0.261816	0.257286	0.594788
2021-07-29 06:19:00.000000 	193.000000	55.908671	-160.407284	407.148991	-0.023911	-0.007523	0.033056	0.301572	0.246733	0.449295	-0.154972	-0.002216	-0.000931	0.041416	0.222777	0.218924	0.506095
2021-07-29 06:19:01.000000 	194.000000	55.908671	-160.407284	407.148991	-0.019929	-0.004579	0.012065	0.239125	0.195650	0.356264	-0.128415	-0.010058	-0.002369	0.021376	0.176651	0.173595	0.401302
2021-07-29 06:19:02.000000 	195.000000	55.908671	-160.407284	407.148991	-0.034413	-0.010312	0.026890	0.349671	0.286107	0.520969	-0.182312	-0.014640	-0.001825	0.042379	0.258321	0.253853	0.586826
2021-07-29 06:19:03.000000 	196.000000	55.908671	-160.407284	407.148991	-0.047252	-0.006677	0.046817	0.361111	0.295479	0.538021	-0.177767	-0.012479	-0.009555	0.064978	0.266778	0.262166	0.606032
2021-07-29 06:19:04.000000 	197.000000	55.908671	-160.407284	407.148991	-0.042697	-0.017289	0.029768	0.295064	0.241446	0.439624	-0.146218	-0.021428	0.001971	0.050448	0.217990	0.214222	0.495195
2021-07-29 06:19:05.000000 	198.000000	55.908671	-160.407284	407.148991	-0.032796	-0.004348	0.029424	0.293469	0.240150	0.437255	-0.149622	-0.010303	-0.006901	0.042503	0.216817	0.213070	0.492524
2021-07-29 06:19:06.000000 	199.000000	55.908671	-160.407284	407.148991	-0.049058	-0.012259	0.029924	0.320456	0.262244	0.477471	-0.159642	-0.024906	-0.004901	0.052992	0.236761	0.232670	0.537822
2021-07-29 06:19:07.000000 	200.000000	55.908671	-160.407284	407.148991	-0.030652	-0.012684	0.023974	0.279833	0.229009	0.416950	-0.143604	-0.013999	0.001671	0.038424	0.206752	0.203180	0.469649
2021-07-29 06:19:08.000000 	201.000000	55.908671	-160.407284	407.148991	-0.027608	-0.008811	0.030311	0.328574	0.268908	0.489580	-0.170712	-0.006997	-0.000957	0.041336	0.242770	0.238576	0.551458
2021-07-29 06:19:09.000000 	202.000000	55.908671	-160.407284	407.148991	-0.037115	0.003755	0.028475	0.328297	0.268692	0.489175	-0.169775	-0.011954	-0.015983	0.042475	0.242571	0.238381	0.550999
2021-07-29 06:19:10.000000 	203.000000	55.908671	-160.407284	407.148991	-0.058919	-0.019572	0.050288	0.306010	0.250461	0.455973	-0.139454	-0.023216	-0.001318	0.076437	0.226109	0.222205	0.513599
2021-07-29 06:19:11.000000 	204.000000	55.908671	-160.407284	407.148991	-0.032268	-0.003178	0.010109	0.337666	0.276382	0.503150	-0.183229	-0.020391	-0.007826	0.026008	0.249506	0.245198	0.566736
2021-07-29 06:19:12.000000 	205.000000	55.908671	-160.407284	407.148991	-0.042259	-0.012093	0.033748	0.272166	0.222778	0.405555	-0.132000	-0.017412	-0.002778	0.052537	0.201112	0.197640	0.456806
2021-07-29 06:19:13.000000 	206.000000	55.908671	-160.407284	407.148991	-0.042343	-0.011885	0.031364	0.290451	0.237754	0.432807	-0.143624	-0.018757	-0.003002	0.050567	0.214628	0.210924	0.487501
2021-07-29 06:19:14.000000 	207.000000	55.908671	-160.407284	407.148991	-0.038101	-0.002931	0.021501	0.315957	0.258643	0.470822	-0.164493	-0.018489	-0.010015	0.038477	0.233482	0.229452	0.530317
2021-07-29 06:19:15.000000 	208.000000	55.908671	-160.407284	407.148991	-0.037000	-0.005222	0.028616	0.322321	0.263863	0.480313	-0.165524	-0.014278	-0.007488	0.044218	0.238191	0.234081	0.541005
2021-07-29 06:19:16.000000 	209.000000	55.908671	-160.407284	407.148991	-0.041720	-0.019604	0.021541	0.329643	0.269867	0.491230	-0.169663	-0.025920	0.004480	0.043554	0.243607	0.239404	0.553300
2021-07-29 06:19:17.000000 	210.000000	55.908671	-160.407284	407.148991	-0.025393	-0.013159	0.029783	0.262795	0.215149	0.391620	-0.132795	-0.006772	0.003882	0.040547	0.194211	0.190861	0.441101
2021-07-29 06:19:18.000000 	211.000000	55.908671	-160.407284	407.148991	-0.035895	-0.008563	0.037437	0.307918	0.252101	0.458869	-0.153615	-0.009399	-0.003970	0.051567	0.227563	0.223639	0.516846
2021-07-29 06:19:19.000000 	212.000000	55.908671	-160.407284	407.148991	-0.040705	-0.002692	0.036744	0.326543	0.267361	0.486632	-0.163935	-0.011910	-0.011114	0.052430	0.241334	0.237173	0.548115
2021-07-29 06:19:20.000000 	213.000000	55.908671	-160.407284	407.148991	-0.038166	-0.005104	0.011766	0.367580	0.300972	0.547796	-0.198170	-0.024599	-0.007990	0.030858	0.271670	0.266986	0.617004
2021-07-29 06:19:21.000000 	214.000000	55.908671	-160.407284	407.148991	-0.047757	-0.013013	0.054516	0.302165	0.247420	0.450315	-0.139556	-0.010317	-0.003755	0.072811	0.223328	0.219479	0.507206
2021-07-29 06:19:22.000000 	215.000000	55.908671	-160.407284	407.148991	-0.024162	-0.010683	0.036972	0.288560	0.236290	0.430047	-0.145496	-0.001094	0.001962	0.045385	0.213278	0.209603	0.484375
2021-07-29 06:19:23.000000 	216.000000	55.908671	-160.407284	407.148991	-0.041470	-0.011951	0.025675	0.307689	0.251964	0.458561	-0.156206	-0.021282	-0.002647	0.045407	0.227423	0.223504	0.516490
2021-07-29 06:19:24.000000 	217.000000	55.908671	-160.407284	407.148991	-0.036740	-0.012169	0.044775	0.332749	0.272496	0.495916	-0.164561	-0.006947	-0.000856	0.058769	0.245951	0.241713	0.558562
2021-07-29 06:19:25.000000 	218.000000	55.908671	-160.407284	407.148991	-0.042570	-0.003905	0.015810	0.294681	0.241330	0.439187	-0.152866	-0.025436	-0.010596	0.036306	0.217818	0.214066	0.494664
2021-07-29 06:19:26.000000 	219.000000	55.908671	-160.407284	407.148991	-0.041539	-0.007768	0.031730	0.373095	0.305560	0.556061	-0.192407	-0.016780	-0.006611	0.049672	0.275786	0.271036	0.626300
2021-07-29 06:19:27.000000 	220.000000	55.908671	-160.407284	407.148991	-0.045663	-0.013022	0.033273	0.277482	0.227263	0.413566	-0.134232	-0.020592	-0.003044	0.054115	0.205116	0.201583	0.465803
2021-07-29 06:19:28.000000 	221.000000	55.908671	-160.407284	407.148991	-0.049780	-0.008453	0.039065	0.254192	0.208196	0.378858	-0.117480	-0.019289	-0.008729	0.060227	0.187904	0.184669	0.426711
2021-07-29 06:19:29.000000 	222.000000	55.908671	-160.407284	407.148991	-0.036485	-0.001240	0.028512	0.366349	0.300070	0.546031	-0.191798	-0.012828	-0.011067	0.043112	0.270820	0.266158	0.614996
2021-07-29 06:19:30.000000 	223.000000	55.908671	-160.407284	407.148991	-0.047700	-0.008188	0.015540	0.244989	0.200675	0.365153	-0.121786	-0.030779	-0.008281	0.039597	0.181111	0.177993	0.411272
2021-07-29 06:19:31.000000 	224.000000	55.908671	-160.407284	407.148991	-0.022932	-0.000849	0.021607	0.382737	0.313518	0.570472	-0.207835	-0.006016	-0.006890	0.030163	0.282949	0.278079	0.642519
2021-07-29 06:19:32.000000 	225.000000	55.908671	-160.407284	407.148991	-0.042580	-0.011449	0.031100	0.245932	0.201462	0.366568	-0.117723	-0.018968	-0.003492	0.050392	0.181816	0.178688	0.412862
2021-07-29 06:19:33.000000 	226.000000	55.908671	-160.407284	407.148991	-0.051861	-0.018498	0.039679	0.359400	0.294425	0.535703	-0.177230	-0.023358	0.000037	0.063723	0.265710	0.261139	0.603355
2021-07-29 06:19:34.000000 	227.000000	55.908671	-160.407284	407.148991	-0.019205	-0.011107	0.037904	0.319021	0.261356	0.475523	-0.164116	0.003177	0.004024	0.043619	0.235863	0.231806	0.535573
2021-07-29 06:19:35.000000 	228.000000	55.908671	-160.407284	407.148991	-0.045352	-0.009772	0.035547	0.300043	0.245819	0.447242	-0.146991	-0.018173	-0.006002	0.055224	0.221838	0.218022	0.503718
2021-07-29 06:19:36.000000 	229.000000	55.908671	-160.407284	407.148991	-0.041206	-0.007116	0.048678	0.367289	0.300923	0.547485	-0.182439	-0.006840	-0.007114	0.063409	0.271563	0.266893	0.616618
2021-07-29 06:19:37.000000 	230.000000	55.908671	-160.407284	407.148991	-0.024223	-0.012100	0.025887	0.243673	0.199651	0.363227	-0.123721	-0.007749	0.003277	0.036504	0.180169	0.177072	0.409091
2021-07-29 06:19:38.000000 	231.000000	55.908671	-160.407284	407.148991	-0.044448	-0.008280	0.041450	0.316041	0.258956	0.471107	-0.154420	-0.013744	-0.007105	0.059354	0.233683	0.229666	0.530592
2021-07-29 06:19:39.000000 	232.000000	55.908671	-160.407284	407.148991	-0.045862	-0.011381	0.044475	0.307695	0.252127	0.458673	-0.147628	-0.014013	-0.004657	0.063189	0.227518	0.223608	0.516585
2021-07-29 06:19:40.000000 	233.000000	55.908671	-160.407284	407.148991	-0.036180	-0.001955	0.028685	0.340300	0.278855	0.507283	-0.176620	-0.012692	-0.010290	0.043228	0.251634	0.247309	0.571331
2021-07-29 06:19:41.000000 	234.000000	55.908671	-160.407284	407.148991	-0.051248	-0.011042	0.022398	0.268819	0.220290	0.400732	-0.131824	-0.030495	-0.006783	0.047686	0.198782	0.195367	0.451326
2021-07-29 06:19:42.000000 	235.000000	55.908671	-160.407284	407.148991	-0.044596	-0.016417	0.035549	0.327355	0.268268	0.487999	-0.162520	-0.019427	0.000512	0.056075	0.242074	0.237915	0.549608
2021-07-29 06:19:43.000000 	236.000000	55.908671	-160.407284	407.148991	-0.032588	-0.011668	0.028288	0.287760	0.235830	0.428979	-0.146225	-0.012809	0.000065	0.042828	0.212799	0.209144	0.483135
2021-07-29 06:19:44.000000 	237.000000	55.908671	-160.407284	407.148991	-0.037598	0.002789	0.034592	0.291172	0.238636	0.434072	-0.145586	-0.009170	-0.015236	0.047977	0.215328	0.211630	0.488869
2021-07-29 06:19:45.000000 	238.000000	55.908671	-160.407284	407.148991	-0.052251	-0.008356	0.026620	0.347979	0.285204	0.518765	-0.176602	-0.028165	-0.009649	0.051208	0.257345	0.252926	0.584252
2021-07-29 06:19:46.000000 	239.000000	55.908671	-160.407284	407.148991	-0.045458	-0.021024	0.035628	0.354269	0.290371	0.528150	-0.177463	-0.021335	0.004563	0.057461	0.262003	0.257505	0.594819
2021-07-29 06:19:47.000000 	240.000000	55.908671	-160.407284	407.148991	-0.043135	-0.004946	0.033320	0.276970	0.227023	0.412917	-0.135530	-0.016351	-0.009805	0.051302	0.204841	0.201325	0.465038
2021-07-29 06:19:48.000000 	241.000000	55.908671	-160.407284	407.148991	-0.025424	-0.013009	0.008785	0.320593	0.262790	0.477957	-0.174855	-0.018524	0.003731	0.023146	0.237110	0.233040	0.538287
2021-07-29 06:19:49.000000 	242.000000	55.908671	-160.407284	407.148991	-0.034674	-0.001609	0.058469	0.275220	0.225607	0.410319	-0.126913	0.005273	-0.010112	0.067033	0.203558	0.200064	0.462109
2021-07-29 06:19:50.000000 	243.000000	55.908671	-160.407284	407.148991	-0.040637	-0.015552	0.031153	0.319244	0.261705	0.475960	-0.160787	-0.018562	0.001024	0.050181	0.236125	0.232073	0.536033
2021-07-29 06:19:51.000000 	244.000000	55.908671	-160.407284	407.148991	-0.023623	-0.010770	-0.000968	0.333049	0.273032	0.496547	-0.186622	-0.021964	0.002224	0.013697	0.246341	0.242115	0.559217
2021-07-29 06:19:52.000000 	245.000000	55.908671	-160.407284	407.148991	-0.055820	-0.004830	0.060439	0.273709	0.224395	0.408083	-0.118879	-0.011015	-0.014168	0.080437	0.202456	0.198983	0.459585
2021-07-29 06:19:53.000000 	246.000000	55.908671	-160.407284	407.148991	-0.039079	-0.013026	0.026928	0.350497	0.287359	0.522576	-0.181418	-0.019014	-0.000833	0.045384	0.259261	0.254814	0.588526
2021-07-29 06:19:54.000000 	247.000000	55.908671	-160.407284	407.148991	-0.037218	-0.012880	0.035870	0.318998	0.261545	0.475618	-0.160053	-0.012509	-0.000346	0.051780	0.235967	0.231921	0.535640
2021-07-29 06:19:55.000000 	248.000000	55.908671	-160.407284	407.148991	-0.046065	-0.000858	0.027525	0.300065	0.246032	0.447396	-0.150812	-0.020750	-0.014638	0.047281	0.221968	0.218162	0.503854
2021-07-29 06:19:56.000000 	249.000000	55.908671	-160.407284	407.148991	-0.049917	-0.006240	0.039385	0.280132	0.229697	0.417681	-0.132839	-0.018602	-0.010860	0.060149	0.207228	0.203676	0.470387
2021-07-29 06:19:57.000000 	250.000000	55.908671	-160.407284	407.148991	-0.023503	-0.011800	0.030895	0.330609	0.271097	0.492949	-0.172653	-0.004297	0.003235	0.040215	0.244575	0.240383	0.555152
2021-07-29 06:19:58.000000 	251.000000	55.908671	-160.407284	407.148991	-0.043145	-0.011946	0.044763	0.315613	0.258811	0.470597	-0.152954	-0.011888	-0.003214	0.062099	0.233488	0.229487	0.529977
2021-07-29 06:19:59.000000 	252.000000	55.908671	-160.407284	407.148991	-0.055375	-0.013954	0.031991	0.285338	0.233994	0.425460	-0.136332	-0.029147	-0.005422	0.058357	0.211096	0.207479	0.479143
2021-07-29 06:20:00.000000 	253.000000	55.908671	-160.407284	407.148991	-0.016176	-0.010172	0.019450	0.342797	0.281125	0.511142	-0.186427	-0.004543	0.004159	0.026561	0.253611	0.249266	0.575634
2021-07-29 06:20:01.000000 	254.000000	55.908671	-160.407284	407.148991	-0.057612	0.000094	0.042119	0.310285	0.254472	0.462670	-0.147591	-0.021314	-0.019408	0.065285	0.229564	0.225632	0.521044
2021-07-29 06:20:02.000000 	255.000000	55.908671	-160.407284	407.148991	-0.029951	-0.012881	0.027175	0.310699	0.254822	0.463294	-0.160724	-0.011713	0.002091	0.040742	0.229877	0.225940	0.521744
2021-07-29 06:20:03.000000 	256.000000	55.908671	-160.407284	407.148991	-0.043784	-0.008520	0.038888	0.341029	0.279708	0.508526	-0.170327	-0.014729	-0.006655	0.056927	0.252324	0.248003	0.572681
2021-07-29 06:20:04.000000 	257.000000	55.908671	-160.407284	407.148991	-0.040195	-0.006146	0.023925	0.267695	0.219570	0.399180	-0.134625	-0.019657	-0.007689	0.042194	0.198070	0.194679	0.449538
2021-07-29 06:20:05.000000 	258.000000	55.908671	-160.407284	407.148991	-0.045157	-0.008200	0.035565	0.323816	0.265612	0.482871	-0.161225	-0.017574	-0.007417	0.054840	0.239601	0.235499	0.543786
2021-07-29 06:20:06.000000 	259.000000	55.908671	-160.407284	407.148991	-0.036298	-0.015090	0.038659	0.307043	0.251864	0.457866	-0.152036	-0.010841	0.002044	0.054019	0.227196	0.223307	0.515624
2021-07-29 06:20:07.000000 	260.000000	55.908671	-160.407284	407.148991	-0.054842	-0.013398	0.053711	0.330390	0.271026	0.492687	-0.154503	-0.016402	-0.005768	0.075959	0.244478	0.240294	0.554835
2021-07-29 06:20:08.000000 	261.000000	55.908671	-160.407284	407.148991	-0.030222	-0.007091	0.009717	0.331292	0.271777	0.494040	-0.180120	-0.020102	-0.003454	0.025339	0.245152	0.240957	0.556356
2021-07-29 06:20:09.000000 	262.000000	55.908671	-160.407284	407.148991	-0.035873	-0.014389	0.038910	0.277562	0.227709	0.413920	-0.134924	-0.010175	0.001526	0.053871	0.205398	0.201884	0.466129
2021-07-29 06:20:10.000000 	263.000000	55.908671	-160.407284	407.148991	-0.040927	-0.007970	0.043593	0.295870	0.242738	0.441228	-0.142954	-0.009710	-0.006215	0.059211	0.218952	0.215206	0.496879
2021-07-29 06:20:11.000000 	264.000000	55.908671	-160.407284	407.148991	-0.049432	-0.010348	0.045222	0.363676	0.298380	0.542353	-0.179276	-0.016093	-0.006827	0.065498	0.269138	0.264534	0.610757
2021-07-29 06:20:12.000000 	265.000000	55.908671	-160.407284	407.148991	-0.033259	-0.006392	0.013838	0.266950	0.219029	0.398110	-0.140178	-0.019967	-0.005131	0.030224	0.197561	0.194183	0.448320
2021-07-29 06:20:13.000000 	266.000000	55.908671	-160.407284	407.148991	-0.042562	-0.012408	0.038802	0.323113	0.265121	0.481873	-0.159911	-0.014903	-0.002582	0.056941	0.239132	0.235043	0.542645
2021-07-29 06:20:14.000000 	267.000000	55.908671	-160.407284	407.148991	-0.049345	-0.002166	0.043777	0.322868	0.264931	0.481515	-0.156740	-0.014563	-0.014507	0.062718	0.238958	0.234872	0.542239
2021-07-29 06:20:15.000000 	268.000000	55.908671	-160.407284	407.148991	-0.033573	-0.009056	0.018571	0.286596	0.235177	0.427425	-0.149478	-0.018299	-0.002726	0.034810	0.212118	0.208492	0.481326
2021-07-29 06:20:16.000000 	269.000000	55.908671	-160.407284	407.148991	-0.039301	-0.007086	0.039471	0.342809	0.281316	0.511267	-0.172608	-0.010506	-0.006503	0.054773	0.253730	0.249393	0.575739
2021-07-29 06:20:17.000000 	270.000000	55.908671	-160.407284	407.148991	-0.040141	-0.009924	0.029465	0.315299	0.258751	0.470245	-0.160004	-0.017558	-0.004111	0.047464	0.233375	0.229386	0.529541
2021-07-29 06:20:18.000000 	271.000000	55.908671	-160.407284	407.148991	-0.042220	-0.008775	0.044719	0.291572	0.239289	0.434862	-0.139574	-0.010312	-0.005890	0.060978	0.215818	0.212130	0.489695
2021-07-29 06:20:19.000000 	272.000000	55.908671	-160.407284	407.148991	-0.039109	-0.010229	0.038097	0.301810	0.247701	0.450137	-0.148977	-0.011999	-0.003477	0.054124	0.223402	0.219585	0.506894
2021-07-29 06:20:20.000000 	273.000000	55.908671	-160.407284	407.148991	-0.030872	-0.013247	0.024221	0.338135	0.277525	0.504321	-0.177680	-0.014189	0.002128	0.038851	0.250297	0.246021	0.567908
2021-07-29 06:20:21.000000 	274.000000	55.908671	-160.407284	407.148991	-0.049914	-0.015420	0.046499	0.353789	0.290385	0.527676	-0.172396	-0.017162	-0.002211	0.067764	0.261892	0.257419	0.594205
2021-07-29 06:20:22.000000 	275.000000	55.908671	-160.407284	407.148991	-0.046191	-0.003736	0.022293	0.295726	0.242737	0.441080	-0.150124	-0.024580	-0.011969	0.043556	0.218917	0.215178	0.496689
2021-07-29 06:20:23.000000 	276.000000	55.908671	-160.407284	407.148991	-0.034898	-0.019658	0.045548	0.267169	0.219306	0.398492	-0.125894	-0.007156	0.006817	0.059843	0.197783	0.194405	0.448730
2021-07-29 06:20:24.000000 	277.000000	55.908671	-160.407284	407.148991	-0.045013	-0.001149	0.036210	0.346757	0.284647	0.517206	-0.175146	-0.015142	-0.014012	0.053973	0.256708	0.252325	0.582409
2021-07-29 06:20:25.000000 	278.000000	55.908671	-160.407284	407.148991	-0.048714	-0.010424	0.035866	0.269937	0.221596	0.402630	-0.128346	-0.020798	-0.006515	0.057385	0.199843	0.196431	0.453387
2021-07-29 06:20:26.000000 	279.000000	55.908671	-160.407284	407.148991	-0.039286	-0.008723	0.028915	0.343987	0.282397	0.513088	-0.177388	-0.016866	-0.004956	0.046331	0.254671	0.250324	0.577767
2021-07-29 06:20:27.000000 	280.000000	55.908671	-160.407284	407.148991	-0.030806	-0.007308	0.037982	0.319679	0.262452	0.476836	-0.162083	-0.004775	-0.003446	0.049096	0.236681	0.232642	0.536943
2021-07-29 06:20:28.000000 	281.000000	55.908671	-160.407284	407.148991	-0.046449	-0.013455	0.031005	0.312324	0.256424	0.465872	-0.155491	-0.022597	-0.002900	0.052733	0.231243	0.227297	0.524594
2021-07-29 06:20:29.000000 	282.000000	55.908671	-160.407284	407.148991	-0.034585	-0.008626	0.046280	0.294916	0.242141	0.439910	-0.143099	-0.003438	-0.003471	0.058211	0.218360	0.214634	0.495358
2021-07-29 06:20:30.000000 	283.000000	55.908671	-160.407284	407.148991	-0.036511	0.001915	0.021641	0.321197	0.263730	0.479118	-0.168720	-0.015824	-0.014047	0.036842	0.237825	0.233768	0.539506
2021-07-29 06:20:31.000000 	284.000000	55.908671	-160.407284	407.148991	-0.054743	-0.018211	0.051158	0.313514	0.257433	0.467664	-0.145288	-0.019093	-0.001200	0.074697	0.232143	0.228184	0.526607
2021-07-29 06:20:32.000000 	285.000000	55.908671	-160.407284	407.148991	-0.040319	-0.013149	0.034857	0.307357	0.252387	0.458485	-0.152925	-0.015570	-0.001133	0.052629	0.227590	0.223709	0.516269
2021-07-29 06:20:33.000000 	286.000000	55.908671	-160.407284	407.148991	-0.033223	-0.010900	0.029870	0.298543	0.245160	0.445343	-0.152007	-0.012205	-0.000871	0.044329	0.221070	0.217300	0.501468
2021-07-29 06:20:34.000000 	287.000000	55.908671	-160.407284	407.148991	-0.050820	-0.001078	0.045690	0.321665	0.264158	0.479840	-0.155012	-0.014339	-0.016026	0.064876	0.238198	0.234137	0.540311
2021-07-29 06:20:35.000000 	288.000000	55.908671	-160.407284	407.148991	-0.039488	-0.015551	0.018763	0.331079	0.271900	0.493890	-0.173061	-0.024610	0.001409	0.039314	0.245177	0.240997	0.556129
2021-07-29 06:20:36.000000 	289.000000	55.908671	-160.407284	407.148991	-0.036423	-0.008946	0.048366	0.284308	0.233498	0.424124	-0.135538	-0.003791	-0.003786	0.060969	0.210547	0.206958	0.477569
2021-07-29 06:20:37.000000 	290.000000	55.908671	-160.407284	407.148991	-0.035048	-0.007958	0.033855	0.029966	0.024612	0.044704	0.014277	-0.010578	-0.004255	0.048040	0.022193	0.021814	0.050337
2021-07-29 06:20:38.000000 	291.000000	55.908671	-160.407284	407.148991	-0.045691	-0.008341	0.017161	0.252985	0.207790	0.377406	-0.126772	-0.028345	-0.007464	0.039907	0.187361	0.184168	0.424961
2021-07-29 06:20:39.000000 	292.000000	55.908671	-160.407284	407.148991	-0.054008	-0.012224	0.047288	0.362055	0.297387	0.540124	-0.176143	-0.019026	-0.006595	0.069978	0.268145	0.263577	0.608180
2021-07-29 06:20:40.000000 	293.000000	55.908671	-160.407284	407.148991	-0.046665	-0.007951	0.043241	0.292180	0.240003	0.435888	-0.139397	-0.014378	-0.008158	0.061946	0.216401	0.212714	0.490807
2021-07-29 06:20:41.000000 	294.000000	55.908671	-160.407284	407.148991	-0.043517	0.006125	0.056696	0.303027	0.248923	0.452076	-0.142268	-0.000472	-0.020363	0.068781	0.224441	0.220618	0.509033
2021-07-29 06:20:42.000000 	295.000000	55.908671	-160.407284	407.148991	-0.043489	-0.016269	0.038268	0.339176	0.278629	0.506011	-0.168988	-0.016998	0.000743	0.057714	0.251222	0.246944	0.569761
2021-07-29 06:20:43.000000 	296.000000	55.908671	-160.407284	407.148991	-0.029117	-0.013899	0.019636	0.272688	0.224019	0.406823	-0.141807	-0.015570	0.003331	0.034250	0.201981	0.198542	0.458075
2021-07-29 06:20:44.000000 	297.000000	55.908671	-160.407284	407.148991	-0.042392	-0.009923	0.032491	0.298877	0.245544	0.445900	-0.148678	-0.017618	-0.004867	0.051158	0.221386	0.217617	0.502073
2021-07-29 06:20:45.000000 	298.000000	55.908671	-160.407284	407.148991	-0.047411	-0.023262	0.061647	0.329111	0.270394	0.491012	-0.151829	-0.008896	0.006016	0.080461	0.243788	0.239638	0.552866
2021-07-29 06:20:46.000000 	299.000000	55.908671	-160.407284	407.148991	-0.037907	0.001288	0.023391	0.330938	0.271906	0.493745	-0.173348	-0.016106	-0.013925	0.039147	0.245149	0.240976	0.555941
2021-07-29 06:20:47.000000 	300.000000	55.908671	-160.407284	407.148991	-0.045925	-0.007633	0.029611	0.284839	0.234040	0.424971	-0.140751	-0.021353	-0.008209	0.050208	0.211006	0.207414	0.478502
2021-07-29 06:20:48.000000 	301.000000	55.908671	-160.407284	407.148991	-0.040037	-0.006514	0.039618	0.328802	0.270174	0.490570	-0.164377	-0.010839	-0.007289	0.055175	0.243580	0.239435	0.552361
2021-07-29 06:20:49.000000 	302.000000	55.908671	-160.407284	407.148991	-0.027116	-0.008374	0.021398	0.270046	0.221903	0.402911	-0.140764	-0.011488	-0.001203	0.033614	0.200059	0.196655	0.453659
2021-07-29 06:20:50.000000 	303.000000	55.908671	-160.407284	407.148991	-0.044185	-0.005115	0.048979	0.323229	0.265616	0.482266	-0.156295	-0.008440	-0.009997	0.064856	0.239465	0.235391	0.543007
2021-07-29 06:20:51.000000 	304.000000	55.908671	-160.407284	407.148991	-0.047191	-0.011606	0.046974	0.322461	0.264996	0.481126	-0.155200	-0.013711	-0.004890	0.066002	0.238903	0.234839	0.541721
2021-07-29 06:20:52.000000 	305.000000	55.908671	-160.407284	407.148991	-0.033992	0.005682	0.020202	0.305602	0.251152	0.455977	-0.161307	-0.013619	-0.016752	0.033612	0.226419	0.222568	0.513403
2021-07-29 06:20:53.000000 	306.000000	55.908671	-160.407284	407.148991	-0.053495	-0.027483	0.072054	0.317310	0.260784	0.473451	-0.138488	-0.008982	0.007953	0.093085	0.235100	0.231102	0.533075
2021-07-29 06:20:54.000000 	307.000000	55.908671	-160.407284	407.148991	-0.036264	0.009035	0.016193	0.292707	0.240573	0.436746	-0.154900	-0.016708	-0.020672	0.030861	0.216878	0.213190	0.491746
2021-07-29 06:20:55.000000 	308.000000	55.908671	-160.407284	407.148991	-0.031643	-0.016210	0.047631	0.343716	0.282509	0.512862	-0.171190	-0.002492	0.004661	0.059202	0.254680	0.250349	0.577445
2021-07-29 06:20:56.000000 	309.000000	55.908671	-160.407284	407.148991	-0.047021	-0.008018	0.028923	0.305778	0.251338	0.456261	-0.152968	-0.022701	-0.008214	0.050289	0.226576	0.222724	0.513714
2021-07-29 06:20:57.000000 	310.000000	55.908671	-160.407284	407.148991	-0.058353	-0.013367	0.055643	0.260627	0.214234	0.388894	-0.111869	-0.018050	-0.006974	0.079407	0.193126	0.189843	0.437863
2021-07-29 06:20:58.000000 	311.000000	55.908671	-160.407284	407.148991	-0.034376	-0.009491	0.028386	0.332961	0.273703	0.496832	-0.172638	-0.013545	-0.002586	0.043444	0.246732	0.242539	0.559390
2021-07-29 06:20:59.000000 	312.000000	55.908671	-160.407284	407.148991	-0.045112	-0.000405	0.037925	0.264707	0.217606	0.394991	-0.126578	-0.014051	-0.014746	0.055305	0.196160	0.192827	0.444724
2021-07-29 06:21:00.000000 	313.000000	55.908671	-160.407284	407.148991	-0.042136	-0.014396	0.038865	0.392145	0.322381	0.585159	-0.200392	-0.015087	-0.000567	0.057142	0.290607	0.285669	0.658832
2021-07-29 06:21:01.000000 	314.000000	55.908671	-160.407284	407.148991	-0.042121	-0.013671	0.040053	0.284792	0.234136	0.424970	-0.137216	-0.014209	-0.001245	0.057982	0.211056	0.207471	0.478474
2021-07-29 06:21:02.000000 	315.000000	55.908671	-160.407284	407.148991	-0.039425	-0.005435	0.042376	0.329010	0.270500	0.490959	-0.163734	-0.008516	-0.008100	0.056933	0.243833	0.239691	0.552768
2021-07-29 06:21:03.000000 	316.000000	55.908671	-160.407284	407.148991	-0.028981	-0.000249	0.025247	0.293325	0.241171	0.437714	-0.153141	-0.008529	-0.009484	0.036259	0.217393	0.213700	0.492817
2021-07-29 06:21:04.000000 	317.000000	55.908671	-160.407284	407.148991	-0.045870	-0.010675	0.027586	0.338916	0.278667	0.505753	-0.173030	-0.023290	-0.005325	0.049074	0.251189	0.246923	0.569419
2021-07-29 06:21:05.000000 	318.000000	55.908671	-160.407284	407.148991	-0.045670	-0.004319	0.045242	0.254392	0.209178	0.379625	-0.117131	-0.011472	-0.011245	0.062395	0.188550	0.185348	0.427413
2021-07-29 06:21:06.000000 	319.000000	55.908671	-160.407284	407.148991	-0.039443	-0.016062	0.055987	0.344039	0.282904	0.513410	-0.165965	-0.003853	0.001906	0.070212	0.255001	0.250672	0.578035
2021-07-29 06:21:07.000000 	320.000000	55.908671	-160.407284	407.148991	-0.037075	-0.013897	0.024322	0.308385	0.253595	0.460208	-0.158686	-0.019152	0.000660	0.042332	0.228581	0.224701	0.518134
2021-07-29 06:21:08.000000 	321.000000	55.908671	-160.407284	407.148991	-0.048934	-0.001797	0.041942	0.323397	0.265952	0.482616	-0.158207	-0.015168	-0.014716	0.060912	0.239716	0.235647	0.543361
2021-07-29 06:21:09.000000 	322.000000	55.908671	-160.407284	407.148991	-0.044200	-0.008047	0.040422	0.283989	0.233554	0.423812	-0.136578	-0.014062	-0.007241	0.058328	0.210511	0.206938	0.477153
2021-07-29 06:21:10.000000 	323.000000	55.908671	-160.407284	407.148991	-0.045556	-0.013427	0.044452	0.294397	0.242123	0.439348	-0.140156	-0.014355	-0.002627	0.063392	0.218232	0.214529	0.494643
2021-07-29 06:21:11.000000 	324.000000	55.908671	-160.407284	407.148991	-0.046822	-0.005200	0.036343	0.369198	0.303655	0.550986	-0.187606	-0.017604	-0.010802	0.055800	0.273690	0.269046	0.620328
2021-07-29 06:21:12.000000 	325.000000	55.908671	-160.407284	407.148991	-0.051452	-0.018200	0.050325	0.281300	0.231371	0.419813	-0.127885	-0.016989	-0.000107	0.072267	0.208537	0.204998	0.472645
2021-07-29 06:21:13.000000 	326.000000	55.908671	-160.407284	407.148991	-0.034269	0.004967	0.024862	0.302087	0.248479	0.450840	-0.157379	-0.011421	-0.016171	0.037752	0.223953	0.220154	0.507575
2021-07-29 06:21:14.000000 	327.000000	55.908671	-160.407284	407.148991	-0.037446	-0.011049	0.044060	0.315745	0.259724	0.471229	-0.155380	-0.007588	-0.002148	0.058338	0.234086	0.230115	0.530527
2021-07-29 06:21:15.000000 	328.000000	55.908671	-160.407284	407.148991	-0.038128	-0.008358	0.025374	0.315137	0.259234	0.470326	-0.162539	-0.017846	-0.004911	0.042718	0.233642	0.229679	0.529509
2021-07-29 06:21:16.000000 	329.000000	55.908671	-160.407284	407.148991	-0.039629	-0.004398	0.048355	0.283712	0.233394	0.423431	-0.134888	-0.005035	-0.009146	0.061798	0.210350	0.206782	0.476710
2021-07-29 06:21:17.000000 	330.000000	55.908671	-160.407284	407.148991	-0.046138	-0.021222	0.045061	0.282980	0.232801	0.422343	-0.132231	-0.016633	0.004521	0.065669	0.209813	0.206256	0.475484
2021-07-29 06:21:18.000000 	331.000000	55.908671	-160.407284	407.148991	-0.038528	-0.002419	0.030821	0.315632	0.259674	0.471080	-0.161136	-0.013456	-0.010640	0.046324	0.234029	0.230062	0.530351
2021-07-29 06:21:19.000000 	332.000000	55.908671	-160.407284	407.148991	-0.045490	-0.015873	0.061240	0.349132	0.287247	0.521085	-0.165241	-0.005574	-0.000300	0.077720	0.258877	0.254488	0.586645
