2021-07-29 06:12:43.000000 	-184.000000	54.471779	-162.783631	257.228031	-0.019165	-0.006958	0.004015	0.316246	0.256913	0.469163	-0.176040	-0.014241	0.000974	0.015102	0.234273	0.231118	0.527096
2021-07-29 06:12:44.000000 	-183.000000	54.471779	-162.783631	257.228031	-0.048356	-0.007492	0.021708	0.312711	0.254049	0.463931	-0.158718	-0.026780	-0.007157	0.045796	0.231656	0.228538	0.521217
2021-07-29 06:12:45.000000 	-182.000000	54.471779	-162.783631	257.228031	-0.026060	-0.017970	-0.000259	0.340003	0.276229	0.504434	-0.188302	-0.024737	0.009451	0.017345	0.251876	0.248488	0.566720
2021-07-29 06:12:46.000000 	-181.000000	54.471779	-162.783631	257.228031	-0.031216	-0.007184	0.024108	0.307744	0.250028	0.456586	-0.159886	-0.011987	-0.002377	0.038182	0.227979	0.224914	0.512962
2021-07-29 06:12:47.000000 	-180.000000	54.471779	-162.783631	257.228031	-0.046159	-0.017460	0.009447	0.307472	0.249815	0.456195	-0.159894	-0.034599	0.003015	0.036313	0.227780	0.224719	0.512522
2021-07-29 06:12:48.000000 	-179.000000	54.471779	-162.783631	257.228031	-0.036262	-0.005679	0.028001	0.327141	0.265804	0.485390	-0.168362	-0.013285	-0.005309	0.043893	0.242353	0.239098	0.545320
2021-07-29 06:12:49.000000 	-178.000000	54.471779	-162.783631	257.228031	-0.031822	-0.010849	-0.008909	0.311084	0.252765	0.461578	-0.173969	-0.032527	0.000944	0.012279	0.230459	0.227365	0.518566
2021-07-29 06:12:50.000000 	-177.000000	54.471779	-162.783631	257.228031	-0.034048	-0.007524	0.019961	0.350216	0.284569	0.519654	-0.185394	-0.016681	-0.002891	0.036438	0.259450	0.255970	0.583812
2021-07-29 06:12:51.000000 	-176.000000	54.471779	-162.783631	257.228031	-0.046903	-0.018422	0.032547	0.296236	0.240715	0.439569	-0.144140	-0.021985	0.003714	0.055690	0.219462	0.216520	0.493838
2021-07-29 06:12:52.000000 	-175.000000	54.471779	-162.783631	257.228031	-0.028559	-0.015903	0.005156	0.346922	0.281910	0.514794	-0.189823	-0.023035	0.006738	0.022784	0.257014	0.253570	0.578348
2021-07-29 06:12:53.000000 	-174.000000	54.471779	-162.783631	257.228031	-0.038797	-0.010717	0.011645	0.353239	0.287051	0.524180	-0.188714	-0.025974	-0.001246	0.032855	0.261695	0.258191	0.588892
2021-07-29 06:12:54.000000 	-173.000000	54.471779	-162.783631	257.228031	-0.028094	-0.013902	0.009171	0.270677	0.219966	0.401675	-0.144317	-0.019858	0.004964	0.025448	0.200531	0.197847	0.451262
2021-07-29 06:12:55.000000 	-172.000000	54.471779	-162.783631	257.228031	-0.041679	-0.007221	0.019063	0.288761	0.234669	0.428523	-0.147817	-0.023061	-0.005439	0.039891	0.213930	0.211069	0.481423
2021-07-29 06:12:56.000000 	-171.000000	54.471779	-162.783631	257.228031	-0.026811	-0.003419	0.003575	0.320674	0.260612	0.475893	-0.177079	-0.019587	-0.004670	0.018379	0.237575	0.234399	0.534640
2021-07-29 06:12:57.000000 	-170.000000	54.471779	-162.783631	257.228031	-0.044933	-0.022553	0.040721	0.338784	0.275339	0.502783	-0.165788	-0.016699	0.008243	0.061959	0.250994	0.247640	0.564848
2021-07-29 06:12:58.000000 	-169.000000	54.471779	-162.783631	257.228031	-0.022810	-0.009661	0.011486	0.320418	0.260420	0.475538	-0.174266	-0.013384	0.002477	0.023670	0.237388	0.234219	0.534239
2021-07-29 06:12:59.000000 	-168.000000	54.471779	-162.783631	257.228031	-0.041726	-0.008847	0.010209	0.305049	0.247937	0.452741	-0.160534	-0.028635	-0.003900	0.032991	0.226004	0.222988	0.508626
2021-07-29 06:13:00.000000 	-167.000000	54.471779	-162.783631	257.228031	-0.047230	-0.021323	0.028936	0.330023	0.268243	0.489819	-0.164826	-0.025036	0.006388	0.053432	0.244508	0.241247	0.550280
2021-07-29 06:13:01.000000 	-166.000000	54.471779	-162.783631	257.228031	-0.033077	-0.014445	0.010352	0.323671	0.263088	0.480404	-0.173223	-0.023177	0.004008	0.029269	0.239804	0.236608	0.539701
2021-07-29 06:13:02.000000 	-165.000000	54.471779	-162.783631	257.228031	-0.033169	-0.002601	0.012214	0.317784	0.258311	0.471679	-0.170332	-0.019313	-0.007333	0.028798	0.235444	0.232308	0.529897
2021-07-29 06:13:03.000000 	-164.000000	54.471779	-162.783631	257.228031	-0.024343	-0.006209	0.008841	0.319485	0.259701	0.474215	-0.174734	-0.015281	-0.001275	0.021775	0.236706	0.233555	0.532746
2021-07-29 06:13:04.000000 	-163.000000	54.471779	-162.783631	257.228031	-0.046525	-0.013105	0.027394	0.311459	0.253185	0.462314	-0.155761	-0.023405	-0.001253	0.050372	0.230762	0.227691	0.519375
2021-07-29 06:13:05.000000 	-162.000000	54.471779	-162.783631	257.228031	-0.031285	-0.018846	0.009797	0.335743	0.272934	0.498373	-0.180426	-0.023166	0.008742	0.028579	0.248755	0.245447	0.559882
2021-07-29 06:13:06.000000 	-161.000000	54.471779	-162.783631	257.228031	-0.030586	-0.003224	0.012107	0.283946	0.230833	0.421497	-0.151373	-0.017518	-0.005973	0.027385	0.210380	0.207584	0.473517
2021-07-29 06:13:07.000000 	-160.000000	54.471779	-162.783631	257.228031	-0.039396	-0.018185	0.007462	0.329222	0.267649	0.488718	-0.175292	-0.030669	0.005710	0.031068	0.243927	0.240687	0.549033
2021-07-29 06:13:08.000000 	-159.000000	54.471779	-162.783631	257.228031	-0.032661	-0.006125	0.020292	0.310908	0.252768	0.461543	-0.162963	-0.015073	-0.003817	0.035697	0.230360	0.227302	0.518503
2021-07-29 06:13:09.000000 	-158.000000	54.471779	-162.783631	257.228031	-0.042715	-0.024767	0.018874	0.348768	0.283557	0.517761	-0.180528	-0.028203	0.011014	0.043330	0.258414	0.254985	0.581657
2021-07-29 06:13:10.000000 	-157.000000	54.471779	-162.783631	257.228031	-0.025247	0.002404	-0.004854	0.292479	0.237799	0.434208	-0.164953	-0.021868	-0.009769	0.009650	0.216709	0.213835	0.487792
2021-07-29 06:13:11.000000 	-156.000000	54.471779	-162.783631	257.228031	-0.037095	-0.012250	0.037890	0.317416	0.258083	0.471242	-0.157849	-0.009770	0.000722	0.053533	0.235188	0.232071	0.529394
2021-07-29 06:13:12.000000 	-155.000000	54.471779	-162.783631	257.228031	-0.051107	-0.017021	0.033201	0.282874	0.230005	0.419971	-0.134990	-0.024535	0.001132	0.058315	0.209596	0.206820	0.471795
2021-07-29 06:13:13.000000 	-154.000000	54.471779	-162.783631	257.228031	-0.031688	-0.008397	0.001214	0.375346	0.305202	0.557273	-0.207879	-0.025951	-0.001358	0.020021	0.278115	0.274433	0.626039
2021-07-29 06:13:14.000000 	-153.000000	54.471779	-162.783631	257.228031	-0.022176	-0.010132	0.004244	0.323015	0.262659	0.479590	-0.178738	-0.017213	0.003114	0.017505	0.239342	0.236175	0.538769
2021-07-29 06:13:15.000000 	-152.000000	54.471779	-162.783631	257.228031	-0.044863	-0.014244	0.030965	0.334154	0.271725	0.496141	-0.167960	-0.020312	0.000327	0.052552	0.247597	0.244323	0.557360
2021-07-29 06:13:16.000000 	-151.000000	54.471779	-162.783631	257.228031	-0.031865	-0.013272	-0.000204	0.297685	0.242077	0.442004	-0.162622	-0.028086	0.003246	0.019804	0.220577	0.217661	0.496542
2021-07-29 06:13:17.000000 	-150.000000	54.471779	-162.783631	257.228031	-0.034655	-0.012094	0.032412	0.276402	0.224777	0.410414	-0.136888	-0.011018	0.001295	0.047693	0.204808	0.202103	0.461053
2021-07-29 06:13:18.000000 	-149.000000	54.471779	-162.783631	257.228031	-0.042575	-0.010177	0.009046	0.340694	0.277069	0.505891	-0.181381	-0.030291	-0.002880	0.032744	0.252450	0.249117	0.568309
2021-07-29 06:13:19.000000 	-148.000000	54.471779	-162.783631	257.228031	-0.033154	-0.009083	0.013794	0.345406	0.280909	0.512899	-0.185129	-0.019945	-0.001137	0.031191	0.255943	0.252566	0.576181
2021-07-29 06:13:20.000000 	-147.000000	54.471779	-162.783631	257.228031	-0.030966	-0.016881	0.005021	0.290708	0.236432	0.431689	-0.156397	-0.025220	0.006959	0.024178	0.215414	0.212574	0.484949
2021-07-29 06:13:21.000000 	-146.000000	54.471779	-162.783631	257.228031	-0.028633	-0.007962	0.017643	0.326457	0.265515	0.484787	-0.173979	-0.013923	-0.000870	0.031621	0.241906	0.238718	0.544597
2021-07-29 06:13:22.000000 	-145.000000	54.471779	-162.783631	257.228031	-0.046199	-0.015007	0.026780	0.276361	0.224778	0.410405	-0.135409	-0.023966	0.000660	0.050020	0.204786	0.202089	0.461037
2021-07-29 06:13:23.000000 	-144.000000	54.471779	-162.783631	257.228031	-0.038210	-0.015619	0.011559	0.369705	0.300709	0.549038	-0.197968	-0.026748	0.003609	0.033303	0.273958	0.270352	0.616772
2021-07-29 06:13:24.000000 	-143.000000	54.471779	-162.783631	257.228031	-0.030042	-0.003344	0.017638	0.321277	0.261327	0.477131	-0.171061	-0.013909	-0.005698	0.031605	0.238074	0.234942	0.535993
2021-07-29 06:13:25.000000 	-142.000000	54.471779	-162.783631	257.228031	-0.037190	-0.018112	0.013961	0.308933	0.251294	0.458810	-0.161656	-0.025160	0.006293	0.035120	0.228928	0.225919	0.515410
2021-07-29 06:13:26.000000 	-141.000000	54.471779	-162.783631	257.228031	-0.033253	-0.006835	0.016157	0.302907	0.246400	0.449872	-0.159712	-0.018107	-0.003314	0.032782	0.224465	0.221516	0.505369
2021-07-29 06:13:27.000000 	-140.000000	54.471779	-162.783631	257.228031	-0.041559	-0.015566	0.022700	0.313079	0.254682	0.464990	-0.159736	-0.022865	0.002567	0.044219	0.232004	0.228958	0.522350
2021-07-29 06:13:28.000000 	-139.000000	54.471779	-162.783631	257.228031	-0.040477	-0.009439	0.026077	0.330324	0.268719	0.490616	-0.169442	-0.018586	-0.002965	0.045313	0.244786	0.241573	0.551135
2021-07-29 06:13:29.000000 	-138.000000	54.471779	-162.783631	257.228031	-0.024725	-0.010063	-0.009534	0.301656	0.245405	0.448047	-0.170902	-0.027185	0.002293	0.007696	0.223543	0.220611	0.503314
2021-07-29 06:13:30.000000 	-137.000000	54.471779	-162.783631	257.228031	-0.032300	-0.010658	0.017380	0.334210	0.271897	0.496412	-0.177296	-0.017577	0.000620	0.033906	0.247670	0.244423	0.557643
2021-07-29 06:13:31.000000 	-136.000000	54.471779	-162.783631	257.228031	-0.055490	-0.024527	0.040758	0.307408	0.250100	0.456614	-0.144185	-0.025359	0.007004	0.068189	0.227810	0.224825	0.512935
2021-07-29 06:13:32.000000 	-135.000000	54.471779	-162.783631	257.228031	-0.025094	-0.009898	0.000649	0.330488	0.268885	0.490908	-0.183717	-0.021514	0.002027	0.016160	0.244916	0.241709	0.551457
2021-07-29 06:13:33.000000 	-134.000000	54.471779	-162.783631	257.228031	-0.036308	-0.006679	0.018332	0.313893	0.255392	0.466270	-0.164404	-0.019181	-0.004367	0.036221	0.232620	0.229576	0.523779
2021-07-29 06:13:34.000000 	-133.000000	54.471779	-162.783631	257.228031	-0.030103	-0.006376	0.010205	0.319477	0.259943	0.474576	-0.172616	-0.019006	-0.002820	0.026111	0.236760	0.233663	0.533108
2021-07-29 06:13:35.000000 	-132.000000	54.471779	-162.783631	257.228031	-0.041021	-0.014309	0.021704	0.318344	0.259030	0.472905	-0.163500	-0.022723	0.001527	0.042894	0.235923	0.232839	0.531230
2021-07-29 06:13:36.000000 	-131.000000	54.471779	-162.783631	257.228031	-0.040430	-0.010740	0.019407	0.335824	0.273261	0.498884	-0.175141	-0.022738	-0.001708	0.040083	0.248879	0.245627	0.560411
2021-07-29 06:13:37.000000 	-130.000000	54.471779	-162.783631	257.228031	-0.035843	-0.013678	0.022199	0.295325	0.240315	0.438732	-0.151462	-0.018258	0.002457	0.040314	0.218868	0.216010	0.492840
2021-07-29 06:13:38.000000 	-129.000000	54.471779	-162.783631	257.228031	-0.033711	-0.014444	0.008040	0.370406	0.301420	0.550286	-0.201157	-0.025012	0.003819	0.027740	0.274513	0.270931	0.618149
2021-07-29 06:13:39.000000 	-128.000000	54.471779	-162.783631	257.228031	-0.030246	-0.015382	0.009642	0.261495	0.212800	0.388494	-0.138029	-0.021615	0.005741	0.027281	0.193800	0.191272	0.436403
2021-07-29 06:13:40.000000 	-127.000000	54.471779	-162.783631	257.228031	-0.037646	-0.001976	0.024824	0.343605	0.279628	0.510494	-0.179216	-0.015315	-0.009255	0.041439	0.254655	0.251336	0.573447
2021-07-29 06:13:41.000000 	-126.000000	54.471779	-162.783631	257.228031	-0.026107	-0.011039	0.001711	0.288436	0.234738	0.428540	-0.158457	-0.021959	0.002817	0.017782	0.213770	0.210985	0.481385
2021-07-29 06:13:42.000000 	-125.000000	54.471779	-162.783631	257.228031	-0.055416	-0.023722	0.031788	0.326734	0.265915	0.485452	-0.159112	-0.030320	0.006257	0.060710	0.242156	0.239003	0.545314
2021-07-29 06:13:43.000000 	-124.000000	54.471779	-162.783631	257.228031	-0.015261	-0.001522	0.016033	0.333806	0.271679	0.495973	-0.183094	-0.002913	-0.003063	0.021781	0.247400	0.244180	0.557131
2021-07-29 06:13:44.000000 	-123.000000	54.471779	-162.783631	257.228031	-0.047159	-0.012955	-0.003226	0.327673	0.266696	0.486872	-0.176688	-0.041655	-0.001584	0.025779	0.242857	0.239698	0.546906
2021-07-29 06:13:45.000000 	-122.000000	54.471779	-162.783631	257.228031	-0.039644	-0.008113	0.027791	0.308374	0.250996	0.458208	-0.156379	-0.016623	-0.003984	0.046018	0.228555	0.225584	0.514706
2021-07-29 06:13:46.000000 	-121.000000	54.471779	-162.783631	257.228031	-0.026101	-0.013269	0.032734	0.298730	0.243154	0.443888	-0.151938	-0.004464	0.004949	0.043409	0.221409	0.218533	0.498619
2021-07-29 06:13:47.000000 	-120.000000	54.471779	-162.783631	257.228031	-0.051789	-0.020561	0.014531	0.322248	0.262305	0.478847	-0.164566	-0.036767	0.004311	0.044109	0.238843	0.235742	0.537887
2021-07-29 06:13:48.000000 	-119.000000	54.471779	-162.783631	257.228031	-0.032358	-0.006306	0.016629	0.325873	0.265264	0.484245	-0.173214	-0.017010	-0.003554	0.032579	0.241531	0.238397	0.543949
2021-07-29 06:13:49.000000 	-118.000000	54.471779	-162.783631	257.228031	-0.028950	-0.008907	0.015379	0.293690	0.239075	0.436432	-0.155672	-0.015713	-0.000061	0.030117	0.217680	0.214857	0.490240
2021-07-29 06:13:50.000000 	-117.000000	54.471779	-162.783631	257.228031	-0.037725	-0.014585	0.016539	0.338253	0.275359	0.502666	-0.178032	-0.023228	0.002766	0.036908	0.250712	0.247462	0.564639
2021-07-29 06:13:51.000000 	-116.000000	54.471779	-162.783631	257.228031	-0.039056	-0.012888	0.014894	0.309968	0.252341	0.460643	-0.162007	-0.024810	0.000751	0.036017	0.229749	0.226773	0.517434
2021-07-29 06:13:52.000000 	-115.000000	54.471779	-162.783631	257.228031	-0.032466	-0.013883	0.016309	0.315569	0.256909	0.468980	-0.166492	-0.019105	0.003652	0.033681	0.233904	0.230875	0.526796
2021-07-29 06:13:53.000000 	-114.000000	54.471779	-162.783631	257.228031	-0.032188	0.000201	0.018591	0.302174	0.246012	0.449084	-0.159342	-0.014170	-0.009719	0.032962	0.223977	0.221079	0.504446
2021-07-29 06:13:54.000000 	-113.000000	54.471779	-162.783631	257.228031	-0.043753	-0.018129	0.012048	0.324660	0.264327	0.482513	-0.169662	-0.031377	0.004367	0.037209	0.240646	0.237534	0.541995
2021-07-29 06:13:55.000000 	-112.000000	54.471779	-162.783631	257.228031	-0.036399	-0.007147	0.026876	0.344782	0.280718	0.512431	-0.178953	-0.014399	-0.003946	0.043305	0.255564	0.252260	0.575599
2021-07-29 06:13:56.000000 	-111.000000	54.471779	-162.783631	257.228031	-0.037120	-0.015705	0.006080	0.313143	0.254966	0.465419	-0.167467	-0.029105	0.004014	0.028253	0.232114	0.229116	0.522790
2021-07-29 06:13:57.000000 	-110.000000	54.471779	-162.783631	257.228031	-0.033598	-0.022711	0.029728	0.341412	0.277992	0.507447	-0.174851	-0.014314	0.011749	0.046749	0.253071	0.249804	0.569998
2021-07-29 06:13:58.000000 	-109.000000	54.471779	-162.783631	257.228031	-0.032625	-0.004643	-0.003065	0.305716	0.248935	0.454403	-0.169174	-0.028261	-0.005221	0.016413	0.226614	0.223689	0.510414
2021-07-29 06:13:59.000000 	-108.000000	54.471779	-162.783631	257.228031	-0.035978	-0.011294	0.021556	0.334135	0.272085	0.496656	-0.174553	-0.018162	0.000139	0.039456	0.247682	0.244488	0.557873
2021-07-29 06:14:00.000000 	-107.000000	54.471779	-162.783631	257.228031	-0.032287	-0.004392	0.017584	0.290220	0.236332	0.431391	-0.152331	-0.015939	-0.005361	0.032987	0.215132	0.212359	0.484563
2021-07-29 06:14:01.000000 	-106.000000	54.471779	-162.783631	257.228031	-0.032566	-0.012361	0.017235	0.322816	0.262884	0.479854	-0.170503	-0.018278	0.002168	0.034228	0.239296	0.236214	0.538997
2021-07-29 06:14:02.000000 	-105.000000	54.471779	-162.783631	257.228031	-0.030867	-0.023967	0.006406	0.344903	0.280880	0.512699	-0.186575	-0.026046	0.013757	0.026469	0.255672	0.252380	0.575889
2021-07-29 06:14:03.000000 	-104.000000	54.471779	-162.783631	257.228031	-0.047776	-0.003118	0.028675	0.282504	0.230071	0.419952	-0.139017	-0.021227	-0.011163	0.050391	0.209418	0.206724	0.471710
2021-07-29 06:14:04.000000 	-103.000000	54.471779	-162.783631	257.228031	-0.033650	-0.016917	0.024556	0.333250	0.271407	0.495400	-0.172865	-0.015963	0.006199	0.041572	0.247039	0.243862	0.556455
2021-07-29 06:14:05.000000 	-102.000000	54.471779	-162.783631	257.228031	-0.039979	-0.009937	0.010689	0.336064	0.273708	0.499595	-0.178905	-0.027261	-0.002341	0.032599	0.249127	0.245925	0.561166
2021-07-29 06:14:06.000000 	-101.000000	54.471779	-162.783631	257.228031	-0.033069	-0.012762	0.020179	0.291341	0.237291	0.433120	-0.150859	-0.017055	0.002402	0.036973	0.215976	0.213201	0.486497
2021-07-29 06:14:07.000000 	-100.000000	54.471779	-162.783631	257.228031	-0.035648	-0.011819	0.018640	0.385584	0.314059	0.573239	-0.205658	-0.019727	0.000738	0.036990	0.285842	0.282172	0.643882
2021-07-29 06:14:08.000000 	-99.000000	54.471779	-162.783631	257.228031	-0.028354	0.001436	0.011991	0.238427	0.194206	0.354473	-0.126056	-0.014727	-0.009764	0.025250	0.176753	0.174485	0.398155
2021-07-29 06:14:09.000000 	-98.000000	54.471779	-162.783631	257.228031	-0.046007	-0.022966	0.030998	0.337023	0.274524	0.501069	-0.168334	-0.023283	0.008320	0.054714	0.249848	0.246644	0.562815
2021-07-29 06:14:10.000000 	-97.000000	54.471779	-162.783631	257.228031	-0.027096	-0.011302	-0.006480	0.296697	0.241684	0.441125	-0.166088	-0.027552	0.002775	0.011710	0.219955	0.217136	0.495483
2021-07-29 06:14:11.000000 	-96.000000	54.471779	-162.783631	257.228031	-0.045370	-0.008950	0.035500	0.283686	0.231093	0.421790	-0.137204	-0.016796	-0.004880	0.055614	0.210312	0.207618	0.473764
2021-07-29 06:14:12.000000 	-95.000000	54.471779	-162.783631	257.228031	-0.030167	-0.010926	0.025580	0.353804	0.288221	0.526056	-0.186040	-0.011218	0.001507	0.039442	0.262297	0.258939	0.590876
2021-07-29 06:14:13.000000 	-94.000000	54.471779	-162.783631	257.228031	-0.033617	-0.010925	0.009524	0.356272	0.290241	0.529738	-0.192845	-0.023230	0.000485	0.028290	0.264130	0.260750	0.595010
2021-07-29 06:14:14.000000 	-93.000000	54.471779	-162.783631	257.228031	-0.035105	-0.017036	0.004259	0.286299	0.233244	0.425706	-0.152949	-0.028918	0.005882	0.025881	0.212256	0.209542	0.478158
2021-07-29 06:14:15.000000 	-92.000000	54.471779	-162.783631	257.228031	-0.035249	-0.005273	0.013954	0.318466	0.259458	0.473546	-0.169272	-0.020563	-0.005397	0.031828	0.236106	0.233088	0.531892
2021-07-29 06:14:16.000000 	-91.000000	54.471779	-162.783631	257.228031	-0.027485	-0.008322	0.018933	0.293363	0.239014	0.436230	-0.154581	-0.012369	-0.000186	0.032096	0.217497	0.214719	0.489976
2021-07-29 06:14:17.000000 	-90.000000	54.471779	-162.783631	257.228031	-0.035384	-0.017472	0.026961	0.356950	0.290830	0.530796	-0.185176	-0.016048	0.006217	0.044587	0.264643	0.261265	0.596191
2021-07-29 06:14:18.000000 	-89.000000	54.471779	-162.783631	257.228031	-0.047130	-0.011421	0.017197	0.306992	0.250134	0.456518	-0.157169	-0.029395	-0.003040	0.042120	0.227607	0.224703	0.512761
2021-07-29 06:14:19.000000 	-88.000000	54.471779	-162.783631	257.228031	-0.025180	-0.009996	0.003323	0.322782	0.263008	0.480010	-0.178236	-0.020051	0.002096	0.018400	0.239316	0.236265	0.539145
2021-07-29 06:14:20.000000 	-87.000000	54.471779	-162.783631	257.228031	-0.031792	-0.009504	0.025548	0.263774	0.214935	0.392269	-0.133430	-0.012158	-0.000332	0.040073	0.195569	0.193077	0.440594
2021-07-29 06:14:21.000000 	-86.000000	54.471779	-162.783631	257.228031	-0.042694	-0.007300	0.010491	0.320601	0.261248	0.476789	-0.169460	-0.028851	-0.005664	0.033492	0.237704	0.234677	0.535525
2021-07-29 06:14:22.000000 	-85.000000	54.471779	-162.783631	257.228031	-0.032658	-0.018455	0.027603	0.325501	0.265250	0.484089	-0.167263	-0.013793	0.007962	0.043766	0.241340	0.238268	0.543722
2021-07-29 06:14:23.000000 	-84.000000	54.471779	-162.783631	257.228031	-0.026662	0.001932	0.000273	0.327563	0.266939	0.487166	-0.183029	-0.020102	-0.009737	0.014690	0.242872	0.239782	0.547177
2021-07-29 06:14:24.000000 	-83.000000	54.471779	-162.783631	257.228031	-0.042006	-0.023928	0.034925	0.296227	0.241410	0.440572	-0.144034	-0.018123	0.010423	0.055855	0.219640	0.216847	0.494842
2021-07-29 06:14:25.000000 	-82.000000	54.471779	-162.783631	257.228031	-0.041764	-0.012456	0.017102	0.363157	0.295964	0.540128	-0.191450	-0.025528	-0.000464	0.039242	0.269269	0.265847	0.606660
2021-07-29 06:14:26.000000 	-81.000000	54.471779	-162.783631	257.228031	-0.032701	-0.001036	0.022092	0.250150	0.203873	0.372060	-0.127445	-0.012832	-0.008689	0.036309	0.185480	0.183124	0.417888
2021-07-29 06:14:27.000000 	-80.000000	54.471779	-162.783631	257.228031	-0.026355	-0.008677	0.004048	0.366535	0.298736	0.545178	-0.203220	-0.020226	0.000488	0.019416	0.271780	0.268330	0.612328
2021-07-29 06:14:28.000000 	-79.000000	54.471779	-162.783631	257.228031	-0.039110	-0.018138	0.013818	0.346706	0.282585	0.515697	-0.183246	-0.026742	0.005749	0.036074	0.257080	0.253818	0.579214
2021-07-29 06:14:29.000000 	-78.000000	54.471779	-162.783631	257.228031	-0.030882	-0.016083	0.016830	0.286830	0.233790	0.426646	-0.149795	-0.018101	0.006222	0.033604	0.212684	0.209987	0.479193
2021-07-29 06:14:30.000000 	-77.000000	54.471779	-162.783631	257.228031	-0.033813	-0.006138	0.017164	0.331282	0.270031	0.492778	-0.175819	-0.017789	-0.004145	0.033793	0.245649	0.242536	0.553469
2021-07-29 06:14:31.000000 	-76.000000	54.471779	-162.783631	257.228031	-0.036837	-0.016149	0.010600	0.314746	0.256561	0.468193	-0.166760	-0.026366	0.004522	0.031851	0.233390	0.230434	0.525854
2021-07-29 06:14:32.000000 	-75.000000	54.471779	-162.783631	257.228031	-0.040959	-0.004956	0.021290	0.301593	0.245847	0.448637	-0.154975	-0.020662	-0.007389	0.040914	0.223639	0.220808	0.503888
2021-07-29 06:14:33.000000 	-74.000000	54.471779	-162.783631	257.228031	-0.027402	-0.017079	0.011234	0.306869	0.250156	0.456496	-0.164481	-0.018888	0.008204	0.027290	0.227554	0.224675	0.512714
2021-07-29 06:14:34.000000 	-73.000000	54.471779	-162.783631	257.228031	-0.047359	-0.004800	0.024393	0.314136	0.256088	0.467318	-0.159189	-0.023796	-0.009432	0.046965	0.232946	0.230000	0.524867
2021-07-29 06:14:35.000000 	-72.000000	54.471779	-162.783631	257.228031	-0.024696	-0.010932	0.022551	0.295437	0.240853	0.439511	-0.154837	-0.008727	0.003133	0.033941	0.219082	0.216314	0.493634
2021-07-29 06:14:36.000000 	-71.000000	54.471779	-162.783631	257.228031	-0.029602	-0.004922	0.003763	0.366943	0.299157	0.545900	-0.203092	-0.022010	-0.004060	0.020341	0.272111	0.268674	0.613123
2021-07-29 06:14:37.000000 	-70.000000	54.471779	-162.783631	257.228031	-0.042481	-0.018312	0.018131	0.263050	0.214463	0.391347	-0.131769	-0.026898	0.004918	0.041485	0.195070	0.192607	0.439537
2021-07-29 06:14:38.000000 	-69.000000	54.471779	-162.783631	257.228031	-0.039734	-0.010970	0.028696	0.341036	0.278054	0.507381	-0.174790	-0.016855	-0.001282	0.047296	0.252904	0.249714	0.569857
2021-07-29 06:14:39.000000 	-68.000000	54.471779	-162.783631	257.228031	-0.036685	-0.003082	0.015298	0.297336	0.242432	0.442377	-0.156277	-0.020370	-0.007914	0.033343	0.220500	0.217720	0.496847
2021-07-29 06:14:40.000000 	-67.000000	54.471779	-162.783631	257.228031	-0.033781	-0.007955	0.014947	0.360091	0.293609	0.535756	-0.193280	-0.019490	-0.002400	0.032283	0.267042	0.263677	0.601722
2021-07-29 06:14:41.000000 	-66.000000	54.471779	-162.783631	257.228031	-0.028018	-0.010458	0.020245	0.285602	0.232881	0.424939	-0.149206	-0.012535	0.001697	0.033827	0.211804	0.209136	0.477259
2021-07-29 06:14:42.000000 	-65.000000	54.471779	-162.783631	257.228031	-0.047888	-0.012974	0.026477	0.293021	0.238938	0.435987	-0.145070	-0.024966	-0.001782	0.050360	0.217308	0.214573	0.489666
2021-07-29 06:14:43.000000 	-64.000000	54.471779	-162.783631	257.228031	-0.031771	-0.011808	0.012957	0.347480	0.283354	0.517028	-0.186867	-0.020012	0.001876	0.030211	0.257699	0.254457	0.580683
2021-07-29 06:14:44.000000 	-63.000000	54.471779	-162.783631	257.228031	-0.033298	-0.004934	0.011092	0.319181	0.260287	0.474932	-0.171440	-0.020627	-0.005143	0.028359	0.236715	0.233738	0.533403
2021-07-29 06:14:45.000000 	-62.000000	54.471779	-162.783631	257.228031	-0.032219	-0.014265	0.012723	0.305889	0.249455	0.455165	-0.162354	-0.021089	0.004090	0.030692	0.226860	0.224009	0.511201
2021-07-29 06:14:46.000000 	-61.000000	54.471779	-162.783631	257.228031	-0.049860	-0.021182	0.029881	0.320980	0.261771	0.477631	-0.158559	-0.026498	0.005475	0.055637	0.238054	0.235065	0.536431
2021-07-29 06:14:47.000000 	-60.000000	54.471779	-162.783631	257.228031	-0.037483	-0.010544	0.022183	0.298973	0.243831	0.444893	-0.153565	-0.018787	-0.001023	0.040673	0.221735	0.218952	0.499661
2021-07-29 06:14:48.000000 	-59.000000	54.471779	-162.783631	257.228031	-0.028142	-0.005820	-0.010659	0.320458	0.261362	0.476876	-0.181881	-0.029473	-0.002770	0.007947	0.237673	0.234691	0.535580
2021-07-29 06:14:49.000000 	-58.000000	54.471779	-162.783631	257.228031	-0.043867	-0.013324	0.038204	0.307430	0.250745	0.457499	-0.150023	-0.015110	-0.000257	0.057733	0.228013	0.225154	0.513816
2021-07-29 06:14:50.000000 	-57.000000	54.471779	-162.783631	257.228031	-0.029816	-0.011034	0.013067	0.347094	0.283105	0.516537	-0.187240	-0.018243	0.001714	0.029082	0.257434	0.254208	0.580120
2021-07-29 06:14:51.000000 	-56.000000	54.471779	-162.783631	257.228031	-0.035670	-0.004189	0.022353	0.311318	0.253933	0.463307	-0.161862	-0.015749	-0.006556	0.038712	0.230903	0.228011	0.520336
2021-07-29 06:14:52.000000 	-55.000000	54.471779	-162.783631	257.228031	-0.037272	-0.005506	0.022089	0.279228	0.227766	0.415560	-0.142683	-0.017464	-0.005773	0.039612	0.207105	0.204512	0.466710
2021-07-29 06:14:53.000000 	-54.000000	54.471779	-162.783631	257.228031	-0.032671	-0.014752	0.022947	0.361152	0.294600	0.537494	-0.190329	-0.015616	0.004421	0.039347	0.267871	0.264520	0.603651
2021-07-29 06:14:54.000000 	-53.000000	54.471779	-162.783631	257.228031	-0.044494	-0.022248	0.003121	0.285446	0.232853	0.424832	-0.149391	-0.038133	0.008082	0.031064	0.211721	0.209074	0.477121
2021-07-29 06:14:55.000000 	-52.000000	54.471779	-162.783631	257.228031	-0.025672	0.006330	0.028668	0.281219	0.229412	0.418550	-0.145492	-0.001772	-0.013644	0.036492	0.208589	0.205982	0.470064
2021-07-29 06:14:56.000000 	-51.000000	54.471779	-162.783631	257.228031	-0.032576	-0.011170	0.000823	0.379527	0.309620	0.564880	-0.210068	-0.027536	0.001028	0.020673	0.281511	0.277994	0.634402
2021-07-29 06:14:57.000000 	-50.000000	54.471779	-162.783631	257.228031	-0.042965	-0.021716	0.029076	0.267862	0.218530	0.398689	-0.129821	-0.021735	0.008026	0.051246	0.198686	0.196206	0.447755
2021-07-29 06:14:58.000000 	-49.000000	54.471779	-162.783631	257.228031	-0.040668	-0.004903	0.023068	0.379856	0.309909	0.565394	-0.200001	-0.019390	-0.007353	0.042190	0.281761	0.278246	0.634976
2021-07-29 06:14:59.000000 	-48.000000	54.471779	-162.783631	257.228031	-0.027764	-0.008918	0.005381	0.263367	0.214878	0.392017	-0.142335	-0.020604	0.000301	0.021324	0.195358	0.192922	0.440260
2021-07-29 06:15:00.000000 	-47.000000	54.471779	-162.783631	257.228031	-0.047130	-0.017989	0.040757	0.327652	0.267336	0.487714	-0.159370	-0.017286	0.003233	0.062423	0.243045	0.240016	0.547732
2021-07-29 06:15:01.000000 	-46.000000	54.471779	-162.783631	257.228031	-0.027440	-0.009407	0.000794	0.271370	0.221422	0.403946	-0.148786	-0.023136	0.000864	0.017495	0.201299	0.198791	0.453654
2021-07-29 06:15:02.000000 	-45.000000	54.471779	-162.783631	257.228031	-0.036900	-0.015839	0.018608	0.320064	0.261162	0.476440	-0.166842	-0.021687	0.004208	0.038350	0.237422	0.234467	0.535068
2021-07-29 06:15:03.000000 	-44.000000	54.471779	-162.783631	257.228031	-0.046437	-0.013415	0.032188	0.337570	0.275455	0.502511	-0.169263	-0.020625	-0.000930	0.054279	0.250411	0.247296	0.564345
2021-07-29 06:15:04.000000 	-43.000000	54.471779	-162.783631	257.228031	-0.031445	-0.012317	0.013157	0.281797	0.229953	0.419496	-0.148637	-0.019766	0.002458	0.030280	0.209041	0.206442	0.471113
2021-07-29 06:15:05.000000 	-42.000000	54.471779	-162.783631	257.228031	-0.025858	0.000174	0.007055	0.314276	0.256465	0.467856	-0.172800	-0.015959	-0.007819	0.020065	0.233138	0.230241	0.525423
2021-07-29 06:15:06.000000 	-41.000000	54.471779	-162.783631	257.228031	-0.042032	-0.018834	0.021453	0.343929	0.280673	0.512012	-0.177828	-0.024744	0.005549	0.044029	0.255139	0.251970	0.575009
2021-07-29 06:15:07.000000 	-40.000000	54.471779	-162.783631	257.228031	-0.031516	-0.003320	0.021239	0.303355	0.247570	0.451619	-0.158952	-0.012958	-0.006157	0.035350	0.225043	0.222249	0.507185
2021-07-29 06:15:08.000000 	-39.000000	54.471779	-162.783631	257.228031	-0.048286	-0.020629	0.031106	0.329764	0.269131	0.490945	-0.163784	-0.024429	0.005413	0.055665	0.244637	0.241601	0.551347
2021-07-29 06:15:09.000000 	-38.000000	54.471779	-162.783631	257.228031	-0.027938	-0.012116	0.012502	0.334082	0.272664	0.497385	-0.180325	-0.017372	0.003304	0.027766	0.247843	0.244770	0.558578
2021-07-29 06:15:10.000000 	-37.000000	54.471779	-162.783631	257.228031	-0.039056	-0.012541	0.007360	0.284262	0.232011	0.423222	-0.150036	-0.029105	0.000419	0.029825	0.210887	0.208273	0.475290
2021-07-29 06:15:11.000000 	-36.000000	54.471779	-162.783631	257.228031	-0.038013	-0.008137	0.015057	0.335344	0.273713	0.499287	-0.177677	-0.022761	-0.003479	0.034753	0.248787	0.245705	0.560710
2021-07-29 06:15:12.000000 	-35.000000	54.471779	-162.783631	257.228031	-0.037553	-0.008031	0.030558	0.291582	0.238001	0.434139	-0.146231	-0.013370	-0.003443	0.047095	0.216323	0.213645	0.487547
2021-07-29 06:15:13.000000 	-34.000000	54.471779	-162.783631	257.228031	-0.034188	-0.016128	0.008823	0.324545	0.264916	0.483230	-0.173990	-0.025335	0.005286	0.028931	0.240781	0.237802	0.542674
2021-07-29 06:15:14.000000 	-33.000000	54.471779	-162.783631	257.228031	-0.038294	-0.007342	0.019620	0.315060	0.257182	0.469117	-0.164091	-0.020136	-0.004321	0.038486	0.233747	0.230857	0.526824
2021-07-29 06:15:15.000000 	-32.000000	54.471779	-162.783631	257.228031	-0.041799	-0.010911	0.020901	0.325136	0.265417	0.484131	-0.168075	-0.022975	-0.001949	0.042088	0.241226	0.238245	0.543684
2021-07-29 06:15:16.000000 	-31.000000	54.471779	-162.783631	257.228031	-0.034316	-0.014802	0.032019	0.292365	0.238672	0.435344	-0.146288	-0.011635	0.003982	0.047651	0.216915	0.214236	0.488893
2021-07-29 06:15:17.000000 	-30.000000	54.471779	-162.783631	257.228031	-0.033872	-0.012812	0.002018	0.325646	0.265850	0.484912	-0.177721	-0.028244	0.002212	0.022647	0.241611	0.238628	0.544556
2021-07-29 06:15:18.000000 	-29.000000	54.471779	-162.783631	257.228031	-0.032537	-0.005057	0.014461	0.307966	0.251426	0.458595	-0.163866	-0.018108	-0.004800	0.030699	0.228497	0.225677	0.515001
2021-07-29 06:15:19.000000 	-28.000000	54.471779	-162.783631	257.228031	-0.052052	-0.016114	0.045204	0.330643	0.269948	0.492374	-0.158166	-0.018077	-0.000014	0.068452	0.245325	0.242300	0.552934
2021-07-29 06:15:20.000000 	-27.000000	54.471779	-162.783631	257.228031	-0.030533	-0.020622	0.022742	0.300935	0.245702	0.448144	-0.155301	-0.015487	0.010660	0.039003	0.223286	0.220534	0.503262
2021-07-29 06:15:21.000000 	-26.000000	54.471779	-162.783631	257.228031	-0.040094	-0.000931	0.011202	0.315281	0.257423	0.469518	-0.167590	-0.024882	-0.010978	0.031531	0.233933	0.231052	0.527263
2021-07-29 06:15:22.000000 	-25.000000	54.471779	-162.783631	257.228031	-0.035812	-0.014452	0.013429	0.324726	0.265144	0.483594	-0.172077	-0.023516	0.003205	0.033292	0.240945	0.237978	0.543069
2021-07-29 06:15:23.000000 	-24.000000	54.471779	-162.783631	257.228031	-0.033666	-0.004616	0.025661	0.277008	0.226189	0.412540	-0.141152	-0.012371	-0.005555	0.040365	0.205541	0.203012	0.463274
2021-07-29 06:15:24.000000 	-23.000000	54.471779	-162.783631	257.228031	-0.036449	-0.010390	0.004049	0.344257	0.281111	0.512704	-0.187340	-0.028484	-0.000864	0.025314	0.255444	0.252303	0.575754
2021-07-29 06:15:25.000000 	-22.000000	54.471779	-162.783631	257.228031	-0.030704	-0.016315	0.024348	0.292740	0.239051	0.435988	-0.150394	-0.013650	0.006496	0.039664	0.217220	0.214550	0.489603
2021-07-29 06:15:26.000000 	-21.000000	54.471779	-162.783631	257.228031	-0.048100	-0.011852	0.028817	0.379578	0.309973	0.565331	-0.194815	-0.023500	-0.002916	0.052190	0.281660	0.278200	0.634850
2021-07-29 06:15:27.000000 	-20.000000	54.471779	-162.783631	257.228031	-0.035921	-0.013168	0.013839	0.320180	0.261476	0.476876	-0.169398	-0.023054	0.001946	0.033466	0.237588	0.234671	0.535516
2021-07-29 06:15:28.000000 	-19.000000	54.471779	-162.783631	257.228031	-0.030108	0.000148	0.029534	0.287600	0.234877	0.428361	-0.147201	-0.006207	-0.009053	0.040723	0.213415	0.210796	0.481033
2021-07-29 06:15:29.000000 	-18.000000	54.471779	-162.783631	257.228031	-0.037221	-0.014651	0.007092	0.343786	0.280774	0.512058	-0.185205	-0.028343	0.002978	0.028952	0.255112	0.251984	0.575020
2021-07-29 06:15:30.000000 	-17.000000	54.471779	-162.783631	257.228031	-0.045805	-0.011400	0.021592	0.293179	0.239450	0.436689	-0.147936	-0.025806	-0.002668	0.044957	0.217561	0.214895	0.490383
2021-07-29 06:15:31.000000 	-16.000000	54.471779	-162.783631	257.228031	-0.029960	-0.006508	0.006577	0.324666	0.265176	0.483600	-0.177257	-0.021035	-0.002651	0.023101	0.240931	0.237979	0.543059
2021-07-29 06:15:32.000000 	-15.000000	54.471779	-162.783631	257.228031	-0.046336	-0.019791	0.039194	0.308620	0.252079	0.459709	-0.148968	-0.018012	0.005189	0.061021	0.229026	0.226222	0.516229
2021-07-29 06:15:33.000000 	-14.000000	54.471779	-162.783631	257.228031	-0.035021	0.000729	0.015624	0.321632	0.262716	0.479101	-0.171240	-0.017970	-0.011061	0.032029	0.238686	0.235765	0.538004
2021-07-29 06:15:34.000000 	-13.000000	54.471779	-162.783631	257.228031	-0.037195	-0.024084	0.026322	0.320134	0.261501	0.476880	-0.162827	-0.019419	0.011996	0.046209	0.237578	0.234672	0.535508
2021-07-29 06:15:35.000000 	-12.000000	54.471779	-162.783631	257.228031	-0.034325	0.000761	0.008115	0.268962	0.219709	0.400662	-0.143652	-0.021784	-0.010886	0.025526	0.199605	0.197165	0.449918
2021-07-29 06:15:36.000000 	-11.000000	54.471779	-162.783631	257.228031	-0.026621	-0.015534	0.005488	0.373484	0.305101	0.556376	-0.205984	-0.021247	0.006958	0.021914	0.277178	0.273792	0.624774
2021-07-29 06:15:37.000000 	-10.000000	54.471779	-162.783631	257.228031	-0.042479	-0.003349	0.020305	0.307833	0.251479	0.458586	-0.158816	-0.022029	-0.009374	0.040680	0.228459	0.225669	0.514960
2021-07-29 06:15:38.000000 	-9.000000	54.471779	-162.783631	257.228031	-0.043073	-0.014155	0.029806	0.268183	0.219095	0.399527	-0.130667	-0.019573	0.000771	0.050600	0.199035	0.196606	0.448640
2021-07-29 06:15:39.000000 	-8.000000	54.471779	-162.783631	257.228031	-0.022202	-0.006724	0.008471	0.333700	0.272629	0.497142	-0.183902	-0.013956	-0.000149	0.020374	0.247663	0.244642	0.558252
2021-07-29 06:15:40.000000 	-7.000000	54.471779	-162.783631	257.228031	-0.058499	-0.018359	0.042180	0.342155	0.279546	0.509748	-0.163987	-0.025387	0.000222	0.069956	0.253941	0.250846	0.572406
2021-07-29 06:15:41.000000 	-6.000000	54.471779	-162.783631	257.228031	-0.023662	-0.000977	0.013524	0.284748	0.232651	0.424231	-0.153651	-0.010770	-0.006070	0.024308	0.211338	0.208763	0.476376
2021-07-29 06:15:42.000000 	-5.000000	54.471779	-162.783631	257.228031	-0.036191	-0.016720	0.005179	0.307077	0.250904	0.457508	-0.164599	-0.029151	0.005259	0.027179	0.227914	0.225139	0.513742
2021-07-29 06:15:43.000000 	-4.000000	54.471779	-162.783631	257.228031	-0.047643	-0.010826	0.029315	0.336336	0.274820	0.501112	-0.169680	-0.022608	-0.003760	0.052164	0.249634	0.246596	0.562703
2021-07-29 06:15:44.000000 	-3.000000	54.471779	-162.783631	257.228031	-0.036157	-0.014993	0.021222	0.292071	0.238660	0.435170	-0.149905	-0.019386	0.003619	0.039919	0.216783	0.214146	0.488655
2021-07-29 06:15:45.000000 	-2.000000	54.471779	-162.783631	257.228031	-0.027003	-0.000146	0.007291	0.320205	0.261657	0.477097	-0.175887	-0.016790	-0.007853	0.020947	0.237668	0.234779	0.535733
2021-07-29 06:15:46.000000 	-1.000000	54.471779	-162.783631	257.228031	-0.036956	-0.016254	0.027432	0.307756	0.251494	0.458559	-0.156238	-0.016703	0.004588	0.045634	0.228432	0.225656	0.514915
2021-07-29 06:15:47.000000 	0.000000	54.471779	-162.783631	257.228031	-0.039063	-0.018157	0.024679	0.317697	0.259626	0.473381	-0.162297	-0.020398	0.005782	0.044890	0.235814	0.232950	0.531557
2021-07-29 06:15:48.000000 	1.000000	54.471779	-162.783631	257.228031	-0.044516	0.001742	0.019122	0.335685	0.274335	0.500194	-0.175407	-0.023074	-0.014840	0.039971	0.249169	0.246145	0.561663
2021-07-29 06:15:49.000000 	2.000000	54.471779	-162.783631	257.228031	-0.039152	-0.016758	0.025796	0.291558	0.238281	0.434451	-0.146759	-0.019482	0.004419	0.045608	0.216418	0.213793	0.487839
2021-07-29 06:15:50.000000 	3.000000	54.471779	-162.783631	257.228031	-0.030026	-0.012291	0.005465	0.316230	0.258453	0.471225	-0.172153	-0.023126	0.002853	0.023228	0.234735	0.231889	0.529130
2021-07-29 06:15:51.000000 	4.000000	54.471779	-162.783631	257.228031	-0.052028	-0.008839	0.032616	0.312024	0.255025	0.464967	-0.153086	-0.023620	-0.006956	0.056943	0.231617	0.228810	0.522102
2021-07-29 06:15:52.000000 	5.000000	54.471779	-162.783631	257.228031	-0.017843	-0.005741	0.008990	0.311990	0.255006	0.464926	-0.172376	-0.010029	0.000202	0.018207	0.231595	0.228790	0.522054
2021-07-29 06:15:53.000000 	6.000000	54.471779	-162.783631	257.228031	-0.049604	-0.015980	0.033499	0.319934	0.261508	0.476775	-0.157353	-0.022943	0.000582	0.057545	0.237496	0.234621	0.535358
2021-07-29 06:15:54.000000 	7.000000	54.471779	-162.783631	257.228031	-0.032227	-0.012659	0.003149	0.351872	0.287624	0.524381	-0.193144	-0.026271	0.002553	0.022628	0.261208	0.258048	0.588811
2021-07-29 06:15:55.000000 	8.000000	54.471779	-162.783631	257.228031	-0.043740	-0.010193	0.026038	0.285664	0.233513	0.425723	-0.142619	-0.021326	-0.003210	0.047223	0.212063	0.209499	0.478030
2021-07-29 06:15:56.000000 	9.000000	54.471779	-162.783631	257.228031	-0.024396	-0.006597	0.010795	0.324862	0.265564	0.484149	-0.177314	-0.014281	-0.000919	0.023461	0.241165	0.238251	0.543632
2021-07-29 06:15:57.000000 	10.000000	54.471779	-162.783631	257.228031	-0.039131	-0.008640	0.015747	0.316495	0.258733	0.471690	-0.166146	-0.023349	-0.003329	0.036022	0.234957	0.232119	0.529640
2021-07-29 06:15:58.000000 	11.000000	54.471779	-162.783631	257.228031	-0.037384	-0.008252	0.025892	0.314527	0.257133	0.468767	-0.161576	-0.016003	-0.003183	0.043241	0.233500	0.230681	0.526356
2021-07-29 06:15:59.000000 	12.000000	54.471779	-162.783631	257.228031	-0.032208	-0.004525	0.012742	0.308906	0.252546	0.460398	-0.165318	-0.018723	-0.005210	0.029026	0.229330	0.226564	0.516958
2021-07-29 06:16:00.000000 	13.000000	54.471779	-162.783631	257.228031	-0.042716	-0.017329	0.030120	0.303989	0.248535	0.453079	-0.151246	-0.019877	0.003909	0.051203	0.225683	0.222962	0.508738
2021-07-29 06:16:01.000000 	14.000000	54.471779	-162.783631	257.228031	-0.034028	-0.007885	0.013808	0.378272	0.309278	0.563806	-0.204430	-0.020327	-0.002540	0.031481	0.280836	0.277452	0.633066
2021-07-29 06:16:02.000000 	15.000000	54.471779	-162.783631	257.228031	-0.040146	-0.017976	0.023920	0.270251	0.220967	0.402811	-0.134640	-0.021638	0.005288	0.044842	0.200642	0.198225	0.452292
2021-07-29 06:16:03.000000 	16.000000	54.471779	-162.783631	257.228031	-0.045010	-0.007968	0.028695	0.291670	0.238488	0.434745	-0.144951	-0.020233	-0.005711	0.049707	0.216548	0.213941	0.488147
2021-07-29 06:16:04.000000 	17.000000	54.471779	-162.783631	257.228031	-0.026275	-0.012785	0.016492	0.380513	0.311142	0.567181	-0.206252	-0.013921	0.004435	0.030205	0.282513	0.279114	0.636848
2021-07-29 06:16:05.000000 	18.000000	54.471779	-162.783631	257.228031	-0.033830	-0.002185	0.015024	0.276075	0.225752	0.411517	-0.145065	-0.018094	-0.007926	0.031380	0.204976	0.202511	0.462063
2021-07-29 06:16:06.000000 	19.000000	54.471779	-162.783631	257.228031	-0.052683	-0.015010	0.024552	0.291628	0.238479	0.434710	-0.143447	-0.030303	-0.001256	0.051806	0.216527	0.213925	0.488103
2021-07-29 06:16:07.000000 	20.000000	54.471779	-162.783631	257.228031	-0.028147	-0.013386	0.015772	0.329853	0.269746	0.491699	-0.176513	-0.015940	0.004456	0.030761	0.244912	0.241970	0.552090
2021-07-29 06:16:08.000000 	21.000000	54.471779	-162.783631	257.228031	-0.032281	-0.010569	0.017262	0.320505	0.262111	0.477775	-0.169671	-0.017609	0.000540	0.033784	0.237975	0.235118	0.536453
2021-07-29 06:16:09.000000 	22.000000	54.471779	-162.783631	257.228031	-0.048943	-0.021178	0.034672	0.312566	0.255627	0.465950	-0.152219	-0.023000	0.005743	0.059026	0.232084	0.229299	0.523174
2021-07-29 06:16:10.000000 	23.000000	54.471779	-162.783631	257.228031	-0.030329	-0.004107	0.009730	0.340267	0.278292	0.507255	-0.185351	-0.018912	-0.005054	0.025460	0.252656	0.249626	0.569550
2021-07-29 06:16:11.000000 	24.000000	54.471779	-162.783631	257.228031	-0.036166	-0.005760	0.006587	0.320076	0.261788	0.477165	-0.172962	-0.025674	-0.005203	0.026425	0.237668	0.234819	0.535763
2021-07-29 06:16:12.000000 	25.000000	54.471779	-162.783631	257.228031	-0.048088	-0.019180	0.028763	0.307683	0.251660	0.458698	-0.152167	-0.025287	0.004088	0.053399	0.228469	0.225732	0.515027
2021-07-29 06:16:13.000000 	26.000000	54.471779	-162.783631	257.228031	-0.028805	-0.011727	0.030577	0.354204	0.289721	0.528063	-0.184806	-0.007448	0.002676	0.042890	0.263017	0.259868	0.592908
2021-07-29 06:16:14.000000 	27.000000	54.471779	-162.783631	257.228031	-0.034135	0.005035	0.010688	0.257968	0.211013	0.384599	-0.136726	-0.019112	-0.014912	0.026780	0.191560	0.189267	0.431825
2021-07-29 06:16:15.000000 	28.000000	54.471779	-162.783631	257.228031	-0.047216	-0.019431	0.029919	0.340692	0.278688	0.507940	-0.171241	-0.023998	0.004585	0.053899	0.252992	0.249966	0.570310
2021-07-29 06:16:16.000000 	29.000000	54.471779	-162.783631	257.228031	-0.036615	-0.009095	0.014308	0.300256	0.245620	0.447663	-0.157962	-0.022339	-0.002150	0.033532	0.222969	0.220303	0.502630
2021-07-29 06:16:17.000000 	30.000000	54.471779	-162.783631	257.228031	-0.026845	-0.000525	0.002884	0.378167	0.309365	0.563835	-0.211414	-0.019319	-0.007444	0.017338	0.280830	0.277474	0.633064
2021-07-29 06:16:18.000000 	31.000000	54.471779	-162.783631	257.228031	-0.051170	-0.025216	0.042522	0.290456	0.237620	0.433070	-0.135055	-0.021142	0.008941	0.067345	0.215698	0.213123	0.486242
2021-07-29 06:16:19.000000 	32.000000	54.471779	-162.783631	257.228031	-0.033070	-0.007506	0.027480	0.310240	0.253814	0.462577	-0.159782	-0.011547	-0.002619	0.042011	0.230394	0.227644	0.519370
2021-07-29 06:16:20.000000 	33.000000	54.471779	-162.783631	257.228031	-0.028208	-0.008229	-0.001623	0.297164	0.243125	0.443089	-0.164802	-0.024853	-0.000489	0.015752	0.220687	0.218055	0.497487
2021-07-29 06:16:21.000000 	34.000000	54.471779	-162.783631	257.228031	-0.047512	-0.017101	0.041263	0.338344	0.276826	0.504500	-0.165587	-0.017075	0.002272	0.062895	0.251273	0.248277	0.566436
2021-07-29 06:16:22.000000 	35.000000	54.471779	-162.783631	257.228031	-0.037504	-0.003186	0.015455	0.286711	0.234589	0.427520	-0.149963	-0.020940	-0.008057	0.033943	0.212931	0.210394	0.480004
2021-07-29 06:16:23.000000 	36.000000	54.471779	-162.783631	257.228031	-0.041343	-0.016402	0.027268	0.345864	0.282998	0.515734	-0.177354	-0.020244	0.003430	0.047961	0.256866	0.253807	0.579045
2021-07-29 06:16:24.000000 	37.000000	54.471779	-162.783631	257.228031	-0.030796	-0.001738	0.011704	0.302048	0.247155	0.450407	-0.162462	-0.017557	-0.007455	0.026918	0.224328	0.221658	0.505696
2021-07-29 06:16:25.000000 	38.000000	54.471779	-162.783631	257.228031	-0.036675	-0.014392	0.016403	0.293128	0.239865	0.437115	-0.152405	-0.022445	0.002892	0.036181	0.217707	0.215117	0.490771
2021-07-29 06:16:26.000000 	39.000000	54.471779	-162.783631	257.228031	-0.035910	-0.007321	0.016558	0.310151	0.253804	0.462509	-0.163275	-0.020056	-0.003636	0.034667	0.230355	0.227616	0.519281
2021-07-29 06:16:27.000000 	40.000000	54.471779	-162.783631	257.228031	-0.032189	-0.004677	0.022331	0.289423	0.236850	0.431607	-0.150254	-0.013173	-0.005060	0.036845	0.214963	0.212408	0.484584
2021-07-29 06:16:28.000000 	41.000000	54.471779	-162.783631	257.228031	-0.044019	-0.025066	0.025471	0.330628	0.270580	0.493065	-0.167358	-0.025456	0.010914	0.049474	0.245571	0.242655	0.553584
2021-07-29 06:16:29.000000 	42.000000	54.471779	-162.783631	257.228031	-0.034247	-0.001834	0.013247	0.358740	0.293596	0.534998	-0.193908	-0.019367	-0.008385	0.030105	0.266455	0.263292	0.600662
2021-07-29 06:16:30.000000 	43.000000	54.471779	-162.783631	257.228031	-0.043709	-0.012854	0.031000	0.289028	0.236552	0.431044	-0.142446	-0.019060	-0.000659	0.051701	0.214680	0.212133	0.483947
2021-07-29 06:16:31.000000 	44.000000	54.471779	-162.783631	257.228031	-0.017291	-0.001980	0.001703	0.308800	0.252743	0.460541	-0.174025	-0.012929	-0.003226	0.011324	0.229371	0.226651	0.517062
2021-07-29 06:16:32.000000 	45.000000	54.471779	-162.783631	257.228031	-0.049007	-0.014279	0.036038	0.270901	0.221731	0.404026	-0.128120	-0.020594	-0.000866	0.058987	0.201223	0.198838	0.453610
2021-07-29 06:16:33.000000 	46.000000	54.471779	-162.783631	257.228031	-0.045946	-0.011850	0.038448	0.387076	0.316832	0.577303	-0.196177	-0.016230	-0.002280	0.058831	0.287522	0.284116	0.648150
2021-07-29 06:16:34.000000 	47.000000	54.471779	-162.783631	257.228031	-0.025961	-0.002628	-0.003718	0.312122	0.255489	0.465523	-0.175596	-0.022974	-0.005173	0.011836	0.231850	0.229105	0.522650
2021-07-29 06:16:35.000000 	48.000000	54.471779	-162.783631	257.228031	-0.053203	-0.015531	0.040636	0.315715	0.258439	0.470890	-0.151159	-0.021485	-0.000912	0.065273	0.234522	0.231747	0.528674
2021-07-29 06:16:36.000000 	49.000000	54.471779	-162.783631	257.228031	-0.024911	-0.005386	0.012415	0.308421	0.252477	0.460020	-0.167202	-0.013448	-0.002228	0.024858	0.229108	0.226398	0.516469
2021-07-29 06:16:37.000000 	50.000000	54.471779	-162.783631	257.228031	-0.030761	-0.011843	0.021672	0.314708	0.257633	0.469407	-0.164913	-0.014172	0.002207	0.036749	0.233782	0.231019	0.527006
2021-07-29 06:16:38.000000 	51.000000	54.471779	-162.783631	257.228031	-0.053233	-0.011099	0.020927	0.292327	0.239319	0.436033	-0.145558	-0.031894	-0.005154	0.048488	0.217160	0.214595	0.489534
2021-07-29 06:16:39.000000 	52.000000	54.471779	-162.783631	257.228031	-0.027719	-0.005785	0.017516	0.334102	0.273529	0.498354	-0.179331	-0.012763	-0.002678	0.030636	0.248198	0.245267	0.559500
2021-07-29 06:16:40.000000 	53.000000	54.471779	-162.783631	257.228031	-0.047259	-0.017343	0.038374	0.284355	0.232810	0.424159	-0.135280	-0.018616	0.002578	0.060444	0.211246	0.208753	0.476200
2021-07-29 06:16:41.000000 	54.000000	54.471779	-162.783631	257.228031	-0.039679	-0.008339	0.021370	0.346580	0.283765	0.516987	-0.181489	-0.020435	-0.003778	0.040850	0.257476	0.254440	0.580416
2021-07-29 06:16:42.000000 	55.000000	54.471779	-162.783631	257.228031	-0.018698	-0.008730	0.013852	0.317546	0.260003	0.473687	-0.173250	-0.008588	0.002805	0.023154	0.235911	0.233130	0.531801
2021-07-29 06:16:43.000000 	56.000000	54.471779	-162.783631	257.228031	-0.042858	-0.004409	0.010219	0.294662	0.241275	0.439560	-0.154931	-0.028440	-0.008474	0.032864	0.218914	0.216335	0.493486
2021-07-29 06:16:44.000000 	57.000000	54.471779	-162.783631	257.228031	-0.033418	-0.004518	0.033743	0.303254	0.248318	0.452385	-0.153453	-0.007459	-0.005575	0.046787	0.225301	0.222648	0.507882
2021-07-29 06:16:45.000000 	58.000000	54.471779	-162.783631	257.228031	-0.044674	-0.008481	0.009993	0.329618	0.269916	0.491724	-0.174504	-0.030964	-0.005122	0.034389	0.244893	0.242010	0.552046
2021-07-29 06:16:46.000000 	59.000000	54.471779	-162.783631	257.228031	-0.047019	-0.026081	0.038215	0.342988	0.280874	0.511679	-0.168655	-0.020626	0.010995	0.061686	0.254830	0.251832	0.574446
2021-07-29 06:16:47.000000 	60.000000	54.471779	-162.783631	257.228031	-0.032897	0.001257	0.010108	0.279498	0.228891	0.416971	-0.149654	-0.019396	-0.010938	0.026270	0.207663	0.205221	0.468119
2021-07-29 06:16:48.000000 	61.000000	54.471779	-162.783631	257.228031	-0.043371	-0.014828	0.034952	0.324193	0.265502	0.483659	-0.161349	-0.016977	0.001327	0.055069	0.240875	0.238044	0.542986
2021-07-29 06:16:49.000000 	62.000000	54.471779	-162.783631	257.228031	-0.029183	-0.012253	0.021910	0.325088	0.266245	0.485004	-0.171279	-0.012905	0.003067	0.036137	0.241544	0.238707	0.544493
2021-07-29 06:16:50.000000 	63.000000	54.471779	-162.783631	257.228031	-0.040459	-0.008420	0.022944	0.339631	0.278165	0.506710	-0.176615	-0.020147	-0.003932	0.042578	0.252354	0.249391	0.568860
2021-07-29 06:16:51.000000 	64.000000	54.471779	-162.783631	257.228031	-0.038308	-0.009443	0.020425	0.277031	0.226903	0.413323	-0.141583	-0.020185	-0.002319	0.039510	0.205844	0.203429	0.464017
2021-07-29 06:16:52.000000 	65.000000	54.471779	-162.783631	257.228031	-0.031584	-0.008397	0.012635	0.282526	0.231412	0.421529	-0.149888	-0.019233	-0.001328	0.029258	0.209931	0.207469	0.473228
2021-07-29 06:16:53.000000 	66.000000	54.471779	-162.783631	257.228031	-0.054402	-0.024838	0.033300	0.343561	0.281414	0.512603	-0.168946	-0.028923	0.007623	0.061569	0.255287	0.252295	0.575469
2021-07-29 06:16:54.000000 	67.000000	54.471779	-162.783631	257.228031	-0.025696	-0.001730	0.025659	0.309271	0.253336	0.461450	-0.162609	-0.005481	-0.005953	0.035442	0.229812	0.227120	0.518041
2021-07-29 06:16:55.000000 	68.000000	54.471779	-162.783631	257.228031	-0.038430	-0.009106	0.003884	0.297601	0.243786	0.444047	-0.159945	-0.029810	-0.002676	0.026058	0.221144	0.218555	0.498502
2021-07-29 06:16:56.000000 	69.000000	54.471779	-162.783631	257.228031	-0.037620	-0.009627	0.037319	0.325650	0.266772	0.485907	-0.163437	-0.009877	-0.001939	0.052909	0.241991	0.239160	0.545494
2021-07-29 06:16:57.000000 	70.000000	54.471779	-162.783631	257.228031	-0.034238	-0.000962	0.011341	0.305013	0.249875	0.455123	-0.163497	-0.020256	-0.009215	0.028399	0.226660	0.224009	0.510933
2021-07-29 06:16:58.000000 	71.000000	54.471779	-162.783631	257.228031	-0.039803	-0.027237	0.027351	0.357256	0.292684	0.533088	-0.183169	-0.021608	0.014236	0.049037	0.265488	0.262384	0.598456
2021-07-29 06:16:59.000000 	72.000000	54.471779	-162.783631	257.228031	-0.042045	-0.011320	0.033489	0.275319	0.225565	0.410831	-0.134171	-0.015950	-0.001631	0.052539	0.204601	0.202211	0.461206
2021-07-29 06:17:00.000000 	73.000000	54.471779	-162.783631	257.228031	-0.035768	-0.004763	0.015128	0.330600	0.270866	0.493331	-0.176149	-0.020161	-0.006037	0.032984	0.245688	0.242819	0.553821
2021-07-29 06:17:01.000000 	74.000000	54.471779	-162.783631	257.228031	-0.045968	-0.010680	0.022069	0.299331	0.245256	0.446680	-0.151588	-0.025482	-0.003404	0.045313	0.222454	0.219858	0.501447
2021-07-29 06:17:02.000000 	75.000000	54.471779	-162.783631	257.228031	-0.039215	-0.006419	0.037854	0.319624	0.261892	0.476971	-0.159599	-0.010034	-0.005476	0.053678	0.237539	0.234769	0.535450
2021-07-29 06:17:03.000000 	76.000000	54.471779	-162.783631	257.228031	-0.045718	-0.008470	0.015262	0.307627	0.252071	0.459076	-0.159367	-0.028711	-0.005441	0.039254	0.228627	0.225962	0.515359
2021-07-29 06:17:04.000000 	77.000000	54.471779	-162.783631	257.228031	-0.020360	-0.010832	0.008455	0.315456	0.258495	0.470768	-0.173554	-0.013523	0.004320	0.020045	0.234450	0.231718	0.528483
2021-07-29 06:17:05.000000 	78.000000	54.471779	-162.783631	257.228031	-0.045475	-0.003946	0.021468	0.304155	0.249244	0.453912	-0.155470	-0.023826	-0.009691	0.043392	0.226055	0.223423	0.509558
2021-07-29 06:17:06.000000 	79.000000	54.471779	-162.783631	257.228031	-0.037757	-0.016259	0.037729	0.355044	0.290956	0.529867	-0.179687	-0.011343	0.004355	0.054459	0.263882	0.260811	0.594823
2021-07-29 06:17:07.000000 	80.000000	54.471779	-162.783631	257.228031	-0.034967	-0.002634	0.011091	0.311347	0.255156	0.464662	-0.166947	-0.021371	-0.007834	0.028889	0.231409	0.228717	0.521623
2021-07-29 06:17:08.000000 	81.000000	54.471779	-162.783631	257.228031	-0.035800	-0.009028	0.022361	0.294504	0.241362	0.439535	-0.151843	-0.017011	-0.001973	0.039622	0.218895	0.216350	0.493413
2021-07-29 06:17:09.000000 	82.000000	54.471779	-162.783631	257.228031	-0.035688	-0.016275	0.033766	0.342236	0.280491	0.510782	-0.174383	-0.012042	0.004983	0.050088	0.254377	0.251421	0.573393
2021-07-29 06:17:10.000000 	83.000000	54.471779	-162.783631	257.228031	-0.049998	-0.011785	0.037036	0.315003	0.258180	0.470146	-0.153612	-0.020184	-0.003542	0.059920	0.234140	0.231420	0.527773
2021-07-29 06:17:11.000000 	84.000000	54.471779	-162.783631	257.228031	-0.023099	0.008298	0.012821	0.319499	0.261875	0.476865	-0.175338	-0.008508	-0.014763	0.021828	0.237486	0.234729	0.535314
2021-07-29 06:17:12.000000 	85.000000	54.471779	-162.783631	257.228031	-0.044850	-0.019288	0.027280	0.307686	0.252202	0.459243	-0.153852	-0.023658	0.005149	0.050413	0.228710	0.226056	0.515530
2021-07-29 06:17:13.000000 	86.000000	54.471779	-162.783631	257.228031	-0.037519	-0.005194	0.017060	0.263690	0.216147	0.393583	-0.135814	-0.020504	-0.006144	0.035603	0.196010	0.193737	0.441821
2021-07-29 06:17:14.000000 	87.000000	54.471779	-162.783631	257.228031	-0.031075	-0.013971	0.023892	0.337665	0.276795	0.504007	-0.177186	-0.013639	0.004148	0.039096	0.251003	0.248094	0.565777
2021-07-29 06:17:15.000000 	88.000000	54.471779	-162.783631	257.228031	-0.035612	-0.003751	0.021106	0.301820	0.247420	0.450512	-0.157208	-0.016323	-0.006957	0.037589	0.224362	0.221762	0.505723
2021-07-29 06:17:16.000000 	89.000000	54.471779	-162.783631	257.228031	-0.038267	-0.020683	0.028338	0.296924	0.243416	0.443213	-0.148887	-0.018263	0.008430	0.047860	0.220727	0.218171	0.497528
2021-07-29 06:17:17.000000 	90.000000	54.471779	-162.783631	257.228031	-0.030449	-0.004648	0.026951	0.332440	0.272541	0.496236	-0.174089	-0.009128	-0.004572	0.039634	0.247133	0.244273	0.557047
2021-07-29 06:17:18.000000 	91.000000	54.471779	-162.783631	257.228031	-0.033679	-0.005037	0.003627	0.255555	0.209517	0.381475	-0.137380	-0.025286	-0.005157	0.022512	0.189981	0.187783	0.428221
2021-07-29 06:17:19.000000 	92.000000	54.471779	-162.783631	257.228031	-0.032974	-0.012755	0.032210	0.363709	0.298198	0.542932	-0.188674	-0.009987	0.002424	0.046710	0.270389	0.267263	0.609460
2021-07-29 06:17:20.000000 	93.000000	54.471779	-162.783631	257.228031	-0.049602	-0.014865	0.038032	0.321226	0.263377	0.479523	-0.156683	-0.020039	-0.000483	0.061041	0.238810	0.236051	0.538280
2021-07-29 06:17:21.000000 	94.000000	54.471779	-162.783631	257.228031	-0.037157	-0.019599	0.005981	0.342269	0.280640	0.510945	-0.184471	-0.030130	0.007723	0.028864	0.254459	0.251520	0.573550
2021-07-29 06:17:22.000000 	95.000000	54.471779	-162.783631	257.228031	-0.042036	-0.008526	0.006335	0.280047	0.229630	0.418066	-0.147773	-0.031050	-0.004298	0.029955	0.208204	0.205801	0.469289
2021-07-29 06:17:23.000000 	96.000000	54.471779	-162.783631	257.228031	-0.047751	-0.022627	0.035449	0.361965	0.296812	0.540368	-0.181174	-0.021971	0.007479	0.059246	0.269113	0.266008	0.606574
2021-07-29 06:17:24.000000 	97.000000	54.471779	-162.783631	257.228031	-0.033348	-0.009281	0.021973	0.237533	0.194784	0.354613	-0.119453	-0.015390	-0.001005	0.037989	0.176604	0.174567	0.398059
2021-07-29 06:17:25.000000 	98.000000	54.471779	-162.783631	257.228031	-0.039558	-0.018938	0.002702	0.320706	0.262999	0.478791	-0.172493	-0.033743	0.006381	0.027413	0.238447	0.235699	0.537449
2021-07-29 06:17:26.000000 	99.000000	54.471779	-162.783631	257.228031	-0.040616	-0.008395	0.015069	0.284524	0.233336	0.424782	-0.147545	-0.024839	-0.004003	0.036252	0.211549	0.209113	0.476821
2021-07-29 06:17:27.000000 	100.000000	54.471779	-162.783631	257.228031	-0.039698	-0.010771	0.020398	0.354741	0.290930	0.529622	-0.186516	-0.021601	-0.001462	0.040488	0.263762	0.260725	0.594503
2021-07-29 06:17:28.000000 	101.000000	54.471779	-162.783631	257.228031	-0.053497	-0.019133	0.030711	0.286079	0.234628	0.427118	-0.137311	-0.028349	0.002442	0.057979	0.212714	0.210266	0.479440
2021-07-29 06:17:29.000000 	102.000000	54.471779	-162.783631	257.228031	-0.050040	-0.005476	0.033793	0.336954	0.276363	0.503085	-0.168395	-0.020581	-0.009580	0.056220	0.250547	0.247665	0.564710
2021-07-29 06:17:30.000000 	103.000000	54.471779	-162.783631	257.228031	-0.030955	-0.011632	0.018595	0.288359	0.236515	0.430539	-0.150890	-0.016059	0.001949	0.034316	0.214418	0.211953	0.483276
2021-07-29 06:17:31.000000 	104.000000	54.471779	-162.783631	257.228031	-0.044442	-0.002258	0.026961	0.375140	0.307705	0.560118	-0.195342	-0.019424	-0.010998	0.046999	0.278951	0.275746	0.628725
2021-07-29 06:17:32.000000 	105.000000	54.471779	-162.783631	257.228031	-0.032135	-0.002290	0.020102	0.258586	0.212110	0.386099	-0.133553	-0.013851	-0.007324	0.034591	0.192286	0.190078	0.433389
2021-07-29 06:17:33.000000 	106.000000	54.471779	-162.783631	257.228031	-0.039556	-0.015289	0.035810	0.333198	0.273322	0.497513	-0.167425	-0.013623	0.002897	0.053729	0.247773	0.244929	0.558447
2021-07-29 06:17:34.000000 	107.000000	54.471779	-162.783631	257.228031	-0.040912	-0.007140	0.049218	0.301602	0.247414	0.450345	-0.143999	-0.004922	-0.005289	0.063992	0.224283	0.221710	0.505500
2021-07-29 06:17:35.000000 	108.000000	54.471779	-162.783631	257.228031	-0.036193	-0.002133	0.006328	0.349163	0.286440	0.521371	-0.190634	-0.024972	-0.008675	0.025607	0.259656	0.256679	0.585223
2021-07-29 06:17:36.000000 	109.000000	54.471779	-162.783631	257.228031	-0.042345	-0.020829	0.045280	0.264187	0.216737	0.394492	-0.121871	-0.011622	0.007363	0.063937	0.196467	0.194216	0.442803
2021-07-29 06:17:37.000000 	110.000000	54.471779	-162.783631	257.228031	-0.028329	-0.000357	0.014397	0.314794	0.258264	0.470067	-0.169862	-0.013741	-0.008044	0.027502	0.234106	0.231425	0.527632
2021-07-29 06:17:38.000000 	111.000000	54.471779	-162.783631	257.228031	-0.024798	-0.011891	0.007267	0.320581	0.263021	0.478717	-0.175788	-0.017918	0.004019	0.021724	0.238414	0.235685	0.537339
2021-07-29 06:17:39.000000 	112.000000	54.471779	-162.783631	257.228031	-0.039362	-0.014273	0.050490	0.342561	0.281066	0.511549	-0.167122	-0.004697	0.001984	0.065393	0.254766	0.251851	0.574190
2021-07-29 06:17:40.000000 	113.000000	54.471779	-162.783631	257.228031	-0.036111	0.000433	0.012842	0.283828	0.232885	0.423850	-0.150238	-0.020504	-0.011102	0.030421	0.211090	0.208676	0.475750
2021-07-29 06:17:41.000000 	114.000000	54.471779	-162.783631	257.228031	-0.044986	-0.014878	0.018808	0.305662	0.250809	0.456463	-0.156501	-0.027625	0.000896	0.042835	0.227333	0.224734	0.512354
2021-07-29 06:17:42.000000 	115.000000	54.471779	-162.783631	257.228031	-0.036126	-0.011005	0.031823	0.344923	0.283035	0.515103	-0.177300	-0.012242	-0.000181	0.047844	0.256538	0.253607	0.578173
2021-07-29 06:17:43.000000 	116.000000	54.471779	-162.783631	257.228031	-0.032078	-0.015312	0.017597	0.282194	0.231570	0.421433	-0.146977	-0.018399	0.005131	0.034760	0.209887	0.207491	0.473031
2021-07-29 06:17:44.000000 	117.000000	54.471779	-162.783631	257.228031	-0.034938	-0.008192	0.018424	0.383576	0.314776	0.572848	-0.205774	-0.018427	-0.002516	0.035796	0.285298	0.282042	0.642983
2021-07-29 06:17:45.000000 	118.000000	54.471779	-162.783631	257.228031	-0.041997	-0.020054	0.032128	0.162508	0.133365	0.242701	-0.067486	-0.018808	0.006725	0.052907	0.120874	0.119495	0.272414
2021-07-29 06:17:46.000000 	119.000000	54.471779	-162.783631	257.228031	-0.035637	-0.007946	0.023197	0.399341	0.327738	0.596414	-0.212918	-0.016137	-0.002958	0.040026	0.297036	0.293649	0.669428
2021-07-29 06:17:47.000000 	120.000000	54.471779	-162.783631	257.228031	-0.028542	-0.006873	0.031168	0.286614	0.235231	0.428064	-0.146074	-0.005731	-0.001883	0.042390	0.213192	0.210763	0.480466
2021-07-29 06:17:48.000000 	121.000000	54.471779	-162.783631	257.228031	-0.041933	-0.015951	0.022320	0.320339	0.262920	0.478441	-0.164535	-0.023469	0.002824	0.044184	0.238282	0.235568	0.537009
2021-07-29 06:17:49.000000 	122.000000	54.471779	-162.783631	257.228031	-0.028703	-0.001110	0.012140	0.340618	0.279574	0.508737	-0.185665	-0.015526	-0.007435	0.026003	0.253372	0.250488	0.571012
2021-07-29 06:17:50.000000 	123.000000	54.471779	-162.783631	257.228031	-0.038107	-0.006939	0.041035	0.274893	0.225637	0.410580	-0.132591	-0.007449	-0.004651	0.055741	0.204486	0.202160	0.460838
2021-07-29 06:17:51.000000 	124.000000	54.471779	-162.783631	257.228031	-0.053367	-0.015499	0.031495	0.372926	0.306115	0.557012	-0.188423	-0.026918	-0.000991	0.057919	0.277416	0.274261	0.625191
2021-07-29 06:17:52.000000 	125.000000	54.471779	-162.783631	257.228031	-0.041588	-0.011891	0.007336	0.280079	0.229911	0.418340	-0.147271	-0.030930	-0.000951	0.031099	0.208352	0.205984	0.469544
2021-07-29 06:17:53.000000 	126.000000	54.471779	-162.783631	257.228031	-0.034134	-0.011547	0.041261	0.326503	0.268030	0.487691	-0.163267	-0.005339	0.000927	0.054512	0.242893	0.240133	0.547381
2021-07-29 06:17:54.000000 	127.000000	54.471779	-162.783631	257.228031	-0.044723	-0.002430	0.025140	0.310706	0.255071	0.464104	-0.158386	-0.020742	-0.010916	0.045702	0.231146	0.228521	0.520904
2021-07-29 06:17:55.000000 	128.000000	54.471779	-162.783631	257.228031	-0.037279	-0.005217	0.021961	0.323568	0.265640	0.483324	-0.169071	-0.017474	-0.006050	0.039462	0.240719	0.237987	0.542475
2021-07-29 06:17:56.000000 	129.000000	54.471779	-162.783631	257.228031	-0.033864	-0.014676	0.035814	0.336730	0.276456	0.502993	-0.171185	-0.009048	0.003995	0.050468	0.250516	0.247675	0.564549
2021-07-29 06:17:57.000000 	130.000000	54.471779	-162.783631	257.228031	-0.052494	-0.008721	0.028669	0.272387	0.223639	0.406887	-0.131567	-0.026248	-0.007207	0.053969	0.202651	0.200354	0.456681
2021-07-29 06:17:58.000000 	131.000000	54.471779	-162.783631	257.228031	-0.034299	-0.012696	0.003678	0.345363	0.283564	0.515906	-0.188938	-0.027584	0.001975	0.024215	0.256949	0.254038	0.579038
2021-07-29 06:17:59.000000 	132.000000	54.471779	-162.783631	257.228031	-0.045034	-0.002404	0.020832	0.321469	0.263956	0.480222	-0.166290	-0.023482	-0.011033	0.042364	0.239178	0.236469	0.538985
2021-07-29 06:18:00.000000 	133.000000	54.471779	-162.783631	257.228031	-0.034896	-0.005443	0.030356	0.303667	0.249348	0.453636	-0.154788	-0.010798	-0.005130	0.045011	0.225937	0.223379	0.509144
2021-07-29 06:18:01.000000 	134.000000	54.471779	-162.783631	257.228031	-0.035377	-0.014613	0.017698	0.336281	0.276138	0.502365	-0.177717	-0.020736	0.003488	0.036553	0.250208	0.247377	0.563834
2021-07-29 06:18:02.000000 	135.000000	54.471779	-162.783631	257.228031	-0.039207	-0.007772	0.028210	0.293095	0.240685	0.437859	-0.148023	-0.015957	-0.004180	0.046058	0.218081	0.215614	0.491432
2021-07-29 06:18:03.000000 	136.000000	54.471779	-162.783631	257.228031	-0.033697	-0.014692	0.038757	0.336492	0.276332	0.502698	-0.169924	-0.007212	0.004060	0.052773	0.250375	0.247545	0.564202
2021-07-29 06:18:04.000000 	137.000000	54.471779	-162.783631	257.228031	-0.035364	-0.013407	0.022161	0.297182	0.244060	0.443980	-0.153300	-0.017842	0.002339	0.039971	0.221131	0.218633	0.498298
2021-07-29 06:18:05.000000 	138.000000	54.471779	-162.783631	257.228031	-0.046841	-0.012614	0.024152	0.330481	0.271416	0.493735	-0.168744	-0.025416	-0.001815	0.047825	0.245913	0.243137	0.554139
2021-07-29 06:18:06.000000 	139.000000	54.471779	-162.783631	257.228031	-0.048571	-0.010166	0.026115	0.264688	0.217390	0.395447	-0.129150	-0.025030	-0.004665	0.049962	0.196960	0.194737	0.443825
2021-07-29 06:18:07.000000 	140.000000	54.471779	-162.783631	257.228031	-0.039511	-0.016901	0.016071	0.334396	0.274652	0.499601	-0.175824	-0.025447	0.004449	0.037917	0.248837	0.246030	0.560718
2021-07-29 06:18:08.000000 	141.000000	54.471779	-162.783631	257.228031	-0.037599	-0.003378	0.014965	0.355364	0.291885	0.530937	-0.190504	-0.021345	-0.007902	0.033629	0.264446	0.261464	0.595885
2021-07-29 06:18:09.000000 	142.000000	54.471779	-162.783631	257.228031	-0.040947	-0.009775	0.036737	0.266325	0.218759	0.397914	-0.128285	-0.012837	-0.002783	0.054307	0.198191	0.195958	0.446588
2021-07-29 06:18:10.000000 	143.000000	54.471779	-162.783631	257.228031	-0.039526	-0.015344	0.035289	0.329199	0.270414	0.491862	-0.165433	-0.013916	0.002958	0.053298	0.244985	0.242226	0.552026
2021-07-29 06:18:11.000000 	144.000000	54.471779	-162.783631	257.228031	-0.032368	-0.012191	0.011233	0.304425	0.250074	0.454855	-0.162794	-0.021571	0.002064	0.029205	0.226554	0.224004	0.510490
2021-07-29 06:18:12.000000 	145.000000	54.471779	-162.783631	257.228031	-0.038708	-0.001323	0.035498	0.280253	0.230226	0.418745	-0.138372	-0.009780	-0.010193	0.050602	0.208570	0.206223	0.469962
2021-07-29 06:18:13.000000 	146.000000	54.471779	-162.783631	257.228031	-0.046414	-0.014554	0.025831	0.343819	0.282456	0.513733	-0.175839	-0.024576	0.000165	0.049288	0.255882	0.253005	0.576565
2021-07-29 06:18:14.000000 	147.000000	54.471779	-162.783631	257.228031	-0.036140	-0.007926	0.022225	0.337533	0.277302	0.504348	-0.177237	-0.017088	-0.003126	0.039510	0.251209	0.248385	0.566031
2021-07-29 06:18:15.000000 	148.000000	54.471779	-162.783631	257.228031	-0.041318	-0.010464	0.025288	0.279193	0.229381	0.417182	-0.140188	-0.019945	-0.002234	0.045314	0.207794	0.205459	0.468202
2021-07-29 06:18:16.000000 	149.000000	54.471779	-162.783631	257.228031	-0.038355	-0.010725	0.029760	0.315207	0.258979	0.471004	-0.160315	-0.015106	-0.001108	0.047354	0.234603	0.231969	0.528604
2021-07-29 06:18:17.000000 	150.000000	54.471779	-162.783631	257.228031	-0.042077	-0.013010	0.029352	0.317826	0.261141	0.474926	-0.160705	-0.018786	-0.000027	0.049481	0.236558	0.233903	0.533004
2021-07-29 06:18:18.000000 	151.000000	54.471779	-162.783631	257.228031	-0.037744	-0.008375	0.026851	0.368911	0.303127	0.551271	-0.193238	-0.015755	-0.003172	0.044243	0.274586	0.271506	0.618683
2021-07-29 06:18:19.000000 	152.000000	54.471779	-162.783631	257.228031	-0.039234	0.002121	0.027181	0.283971	0.233342	0.424351	-0.144032	-0.014193	-0.013639	0.043534	0.211368	0.208999	0.476240
2021-07-29 06:18:20.000000 	153.000000	54.471779	-162.783631	257.228031	-0.037654	-0.012802	0.024620	0.289767	0.238113	0.433019	-0.147469	-0.018048	0.001084	0.043139	0.215687	0.213270	0.485966
2021-07-29 06:18:21.000000 	154.000000	54.471779	-162.783631	257.228031	-0.033331	-0.007961	0.033177	0.317864	0.261212	0.475014	-0.162195	-0.008549	-0.002261	0.046870	0.236606	0.233956	0.533094
2021-07-29 06:18:22.000000 	155.000000	54.471779	-162.783631	257.228031	-0.018182	-0.001408	0.030003	0.338751	0.278387	0.506237	-0.180266	0.002962	-0.004037	0.034752	0.252159	0.249337	0.568132
2021-07-29 06:18:23.000000 	156.000000	54.471779	-162.783631	257.228031	-0.053855	-0.009039	0.025380	0.282736	0.232362	0.422533	-0.138532	-0.029294	-0.007306	0.052103	0.210468	0.208112	0.474193
2021-07-29 06:18:24.000000 	157.000000	54.471779	-162.783631	257.228031	-0.031868	0.005853	0.024147	0.301689	0.247948	0.450865	-0.158036	-0.009331	-0.015023	0.036334	0.224581	0.222069	0.505987
2021-07-29 06:18:25.000000 	158.000000	54.471779	-162.783631	257.228031	-0.041277	-0.008107	0.032480	0.323436	0.265832	0.483374	-0.163512	-0.015166	-0.004474	0.050739	0.240775	0.238084	0.542468
2021-07-29 06:18:26.000000 	159.000000	54.471779	-162.783631	257.228031	-0.038739	-0.025502	0.018896	0.306755	0.252131	0.458452	-0.157773	-0.025277	0.012894	0.041267	0.228363	0.225811	0.514497
2021-07-29 06:18:27.000000 	160.000000	54.471779	-162.783631	257.228031	-0.045050	-0.006409	0.045680	0.297578	0.244597	0.444744	-0.142166	-0.010020	-0.007212	0.063284	0.221536	0.219062	0.499111
2021-07-29 06:18:28.000000 	161.000000	54.471779	-162.783631	257.228031	-0.031378	-0.012167	0.012121	0.336839	0.276878	0.503429	-0.181713	-0.020279	0.002334	0.029374	0.250769	0.247970	0.564967
2021-07-29 06:18:29.000000 	162.000000	54.471779	-162.783631	257.228031	-0.053390	-0.019825	0.041176	0.306348	0.251825	0.457867	-0.145286	-0.022351	0.003134	0.066555	0.228075	0.225530	0.513834
2021-07-29 06:18:30.000000 	163.000000	54.471779	-162.783631	257.228031	-0.024336	-0.013343	0.013095	0.302609	0.248761	0.452285	-0.163170	-0.014523	0.005542	0.026461	0.225296	0.222784	0.507568
2021-07-29 06:18:31.000000 	164.000000	54.471779	-162.783631	257.228031	-0.045762	-0.009449	0.031294	0.321295	0.264132	0.480222	-0.161321	-0.019665	-0.004519	0.052494	0.239213	0.236547	0.538917
2021-07-29 06:18:32.000000 	165.000000	54.471779	-162.783631	257.228031	-0.042657	-0.004640	0.019755	0.319590	0.262740	0.477682	-0.166229	-0.022797	-0.008193	0.040553	0.237949	0.235299	0.536064
2021-07-29 06:18:33.000000 	166.000000	54.471779	-162.783631	257.228031	-0.039515	-0.018378	0.037581	0.287120	0.236055	0.429156	-0.139661	-0.013306	0.005859	0.055679	0.213778	0.211398	0.481606
2021-07-29 06:18:34.000000 	167.000000	54.471779	-162.783631	257.228031	-0.037452	0.001566	-0.003096	0.343004	0.282011	0.512694	-0.190824	-0.030536	-0.012581	0.017999	0.255393	0.252551	0.575351
2021-07-29 06:18:35.000000 	168.000000	54.471779	-162.783631	257.228031	-0.043842	-0.027593	0.033832	0.273186	0.224616	0.408343	-0.130576	-0.021068	0.013381	0.056615	0.203413	0.201150	0.458245
2021-07-29 06:18:36.000000 	169.000000	54.471779	-162.783631	257.228031	-0.045125	0.007782	0.032787	0.343764	0.282657	0.513846	-0.175566	-0.014152	-0.020789	0.050392	0.255970	0.253125	0.576640
2021-07-29 06:18:37.000000 	170.000000	54.471779	-162.783631	257.228031	-0.050674	-0.004394	0.041917	0.315504	0.259430	0.471612	-0.152756	-0.016093	-0.010801	0.062996	0.234933	0.232322	0.529242
2021-07-29 06:18:38.000000 	171.000000	54.471779	-162.783631	257.228031	-0.013868	-0.001612	0.015520	0.296420	0.243747	0.443092	-0.162648	-0.002150	-0.002565	0.020606	0.220727	0.218276	0.497235
2021-07-29 06:18:39.000000 	172.000000	54.471779	-162.783631	257.228031	-0.041439	-0.002082	0.045504	0.311526	0.256179	0.465680	-0.151852	-0.006273	-0.010277	0.060392	0.231981	0.229406	0.522582
2021-07-29 06:18:40.000000 	173.000000	54.471779	-162.783631	257.228031	-0.043808	0.003105	0.005469	0.306928	0.252407	0.458815	-0.164658	-0.030129	-0.015933	0.028233	0.228562	0.226026	0.514875
2021-07-29 06:18:41.000000 	174.000000	54.471779	-162.783631	257.228031	-0.037921	-0.016500	0.042709	0.307927	0.253239	0.460316	-0.150448	-0.008634	0.004536	0.058644	0.229312	0.226769	0.516557
2021-07-29 06:18:42.000000 	175.000000	54.471779	-162.783631	257.228031	-0.051894	-0.006177	0.018560	0.337795	0.277813	0.504974	-0.174448	-0.031043	-0.009460	0.044972	0.251560	0.248772	0.566669
2021-07-29 06:18:43.000000 	176.000000	54.471779	-162.783631	257.228031	-0.040767	-0.016512	0.049267	0.331319	0.272498	0.495301	-0.160684	-0.007039	0.003706	0.065563	0.246743	0.244010	0.555813
2021-07-29 06:18:44.000000 	177.000000	54.471779	-162.783631	257.228031	-0.034003	-0.000077	0.037455	0.310193	0.255132	0.463726	-0.156616	-0.004686	-0.009990	0.049369	0.231015	0.228457	0.520377
2021-07-29 06:18:45.000000 	178.000000	54.471779	-162.783631	257.228031	-0.030005	-0.005580	0.034301	0.315794	0.259749	0.472107	-0.161756	-0.004737	-0.003551	0.045530	0.235192	0.232589	0.529781
2021-07-29 06:18:46.000000 	179.000000	54.471779	-162.783631	257.228031	-0.053296	-0.011234	0.025121	0.304898	0.250796	0.455825	-0.151699	-0.029538	-0.005044	0.051960	0.227082	0.224570	0.511507
2021-07-29 06:18:47.000000 	180.000000	54.471779	-162.783631	257.228031	-0.030789	-0.015010	0.022859	0.350411	0.288244	0.523875	-0.185333	-0.014267	0.005225	0.038275	0.260986	0.258100	0.587868
2021-07-29 06:18:48.000000 	181.000000	54.471779	-162.783631	257.228031	-0.027708	-0.007962	0.027805	0.306896	0.252459	0.458826	-0.159581	-0.007299	-0.000595	0.039378	0.228581	0.226054	0.514871
2021-07-29 06:18:49.000000 	182.000000	54.471779	-162.783631	257.228031	-0.045252	-0.015451	0.023083	0.279847	0.230216	0.418393	-0.139808	-0.025486	0.001365	0.046561	0.208439	0.206136	0.469497
2021-07-29 06:18:50.000000 	183.000000	54.471779	-162.783631	257.228031	-0.042515	-0.010148	0.015225	0.320011	0.263268	0.478449	-0.167778	-0.026647	-0.002890	0.037735	0.238360	0.235728	0.536887
2021-07-29 06:18:51.000000 	184.000000	54.471779	-162.783631	257.228031	-0.031933	-0.007823	0.022330	0.279140	0.229652	0.417349	-0.144430	-0.013732	-0.001979	0.037244	0.207922	0.205627	0.468321
2021-07-29 06:18:52.000000 	185.000000	54.471779	-162.783631	257.228031	-0.051149	-0.008304	0.039564	0.320703	0.263857	0.479499	-0.156304	-0.018771	-0.007207	0.062018	0.238886	0.236251	0.538060
2021-07-29 06:18:53.000000 	186.000000	54.471779	-162.783631	257.228031	-0.033479	0.002692	0.008483	0.340974	0.280546	0.509815	-0.186548	-0.020448	-0.012481	0.025024	0.253992	0.251191	0.572076
2021-07-29 06:18:54.000000 	187.000000	54.471779	-162.783631	257.228031	-0.042237	-0.007232	0.029555	0.305200	0.251121	0.456333	-0.153925	-0.017401	-0.005594	0.048741	0.227349	0.224844	0.512061
2021-07-29 06:18:55.000000 	188.000000	54.471779	-162.783631	257.228031	-0.036453	-0.007038	0.041769	0.337447	0.277665	0.504557	-0.169519	-0.005760	-0.004067	0.055437	0.251376	0.248607	0.566172
2021-07-29 06:18:56.000000 	189.000000	54.471779	-162.783631	257.228031	-0.033491	-0.011238	0.029219	0.320322	0.263584	0.478959	-0.164968	-0.011763	0.000822	0.044302	0.238625	0.235998	0.537446
2021-07-29 06:18:57.000000 	190.000000	54.471779	-162.783631	257.228031	-0.051540	-0.007122	0.027868	0.282372	0.232365	0.422221	-0.138395	-0.025586	-0.008452	0.052513	0.210359	0.208044	0.473778
2021-07-29 06:18:58.000000 	191.000000	54.471779	-162.783631	257.228031	-0.041381	-0.026951	0.027165	0.329226	0.270932	0.492288	-0.166906	-0.022874	0.013495	0.049712	0.245269	0.242572	0.552397
2021-07-29 06:18:59.000000 	192.000000	54.471779	-162.783631	257.228031	-0.038262	0.006783	0.028508	0.312203	0.256933	0.466842	-0.160812	-0.011544	-0.017804	0.043272	0.232593	0.230036	0.523842
2021-07-29 06:19:00.000000 	193.000000	54.471779	-162.783631	257.228031	-0.053032	-0.007421	0.032907	0.281156	0.231392	0.420423	-0.135237	-0.023891	-0.008608	0.057493	0.209468	0.207167	0.471754
2021-07-29 06:19:01.000000 	194.000000	54.471779	-162.783631	257.228031	-0.042151	-0.008172	0.039728	0.308670	0.254045	0.461572	-0.151857	-0.011649	-0.004670	0.057135	0.229972	0.227446	0.517925
2021-07-29 06:19:02.000000 	195.000000	54.471779	-162.783631	257.228031	-0.029728	-0.005231	0.018775	0.317532	0.261350	0.474833	-0.169174	-0.013460	-0.003803	0.032680	0.236580	0.233983	0.532802
2021-07-29 06:19:03.000000 	196.000000	54.471779	-162.783631	257.228031	-0.044801	-0.006501	0.036577	0.324526	0.267117	0.485299	-0.161809	-0.015138	-0.007051	0.055753	0.241797	0.239144	0.544544
2021-07-29 06:19:04.000000 	197.000000	54.471779	-162.783631	257.228031	-0.038326	-0.008525	0.013690	0.299804	0.246777	0.448337	-0.158007	-0.023892	-0.003201	0.033881	0.223383	0.220933	0.503067
2021-07-29 06:19:05.000000 	198.000000	54.471779	-162.783631	257.228031	-0.031916	-0.022978	0.014363	0.313078	0.257714	0.468194	-0.165633	-0.021998	0.012502	0.033357	0.233278	0.230722	0.525346
2021-07-29 06:19:06.000000 	199.000000	54.471779	-162.783631	257.228031	-0.038830	-0.004353	0.045866	0.311541	0.256458	0.465903	-0.152347	-0.004581	-0.007336	0.059629	0.232139	0.229596	0.522773
2021-07-29 06:19:07.000000 	200.000000	54.471779	-162.783631	257.228031	-0.036526	-0.006510	0.026245	0.301948	0.248571	0.451563	-0.155099	-0.014711	-0.004593	0.042753	0.224996	0.222532	0.506681
2021-07-29 06:19:08.000000 	201.000000	54.471779	-162.783631	257.228031	-0.035258	-0.009067	0.030113	0.322892	0.265823	0.482892	-0.165902	-0.012093	-0.001775	0.045637	0.240608	0.237974	0.541832
2021-07-29 06:19:09.000000 	202.000000	54.471779	-162.783631	257.228031	-0.047027	-0.001206	0.022242	0.299893	0.246899	0.448504	-0.152850	-0.023923	-0.012767	0.044412	0.223475	0.221031	0.503244
2021-07-29 06:19:10.000000 	203.000000	54.471779	-162.783631	257.228031	-0.039438	-0.013255	0.031911	0.346230	0.285058	0.517811	-0.177227	-0.015307	0.000988	0.050141	0.258011	0.255190	0.581008
2021-07-29 06:19:11.000000 	204.000000	54.471779	-162.783631	257.228031	-0.039361	-0.004886	0.036286	0.299348	0.246469	0.447702	-0.148931	-0.010689	-0.006983	0.052219	0.223080	0.220642	0.502341
2021-07-29 06:19:12.000000 	205.000000	54.471779	-162.783631	257.228031	-0.037652	-0.015259	0.005469	0.282781	0.232837	0.422931	-0.150625	-0.029767	0.003431	0.027975	0.210739	0.208437	0.474544
2021-07-29 06:19:13.000000 	206.000000	54.471779	-162.783631	257.228031	-0.040600	-0.000773	0.037712	0.322619	0.265650	0.482521	-0.161994	-0.009832	-0.011278	0.053360	0.240433	0.237808	0.541404
2021-07-29 06:19:14.000000 	207.000000	54.471779	-162.783631	257.228031	-0.039006	-0.003954	0.045032	0.351197	0.289192	0.525271	-0.175901	-0.005106	-0.007768	0.058979	0.261737	0.258881	0.589368
2021-07-29 06:19:15.000000 	208.000000	54.471779	-162.783631	257.228031	-0.038083	-0.005343	0.022650	0.296073	0.243810	0.442831	-0.152776	-0.017730	-0.006168	0.040491	0.220661	0.218254	0.496866
2021-07-29 06:19:16.000000 	209.000000	54.471779	-162.783631	257.228031	-0.034592	-0.008441	0.023453	0.328495	0.270520	0.491331	-0.172105	-0.015295	-0.002175	0.039740	0.244830	0.242161	0.551282
2021-07-29 06:19:17.000000 	210.000000	54.471779	-162.783631	257.228031	-0.051307	-0.020068	0.059291	0.274884	0.226379	0.411151	-0.120288	-0.010264	0.003983	0.080184	0.204879	0.202646	0.461317
2021-07-29 06:19:18.000000 	211.000000	54.471779	-162.783631	257.228031	-0.026215	-0.009827	-0.005382	0.310044	0.255345	0.463749	-0.174691	-0.025873	0.001628	0.011862	0.231090	0.228573	0.520330
2021-07-29 06:19:19.000000 	212.000000	54.471779	-162.783631	257.228031	-0.042191	0.002121	0.034382	0.335432	0.276265	0.501730	-0.170647	-0.012307	-0.014513	0.051035	0.250019	0.247297	0.562943
2021-07-29 06:19:20.000000 	213.000000	54.471779	-162.783631	257.228031	-0.043578	-0.007298	0.018618	0.326166	0.268644	0.487877	-0.170176	-0.024815	-0.005928	0.040596	0.243118	0.240473	0.547398
2021-07-29 06:19:21.000000 	214.000000	54.471779	-162.783631	257.228031	-0.043468	-0.013723	0.030107	0.286459	0.235949	0.428490	-0.141800	-0.019601	0.000242	0.050990	0.213526	0.211204	0.480763
2021-07-29 06:19:22.000000 	215.000000	54.471779	-162.783631	257.228031	-0.050967	-0.014312	0.045926	0.338132	0.278522	0.505792	-0.163567	-0.016380	-0.001414	0.068128	0.252050	0.249310	0.567493
2021-07-29 06:19:23.000000 	216.000000	54.471779	-162.783631	257.228031	-0.034354	-0.008665	0.016310	0.305312	0.251498	0.456705	-0.161431	-0.019315	-0.001892	0.033832	0.227591	0.225118	0.512416
2021-07-29 06:19:24.000000 	217.000000	54.471779	-162.783631	257.228031	-0.031820	-0.008152	0.021057	0.310957	0.256157	0.465156	-0.163642	-0.014463	-0.001632	0.036201	0.231805	0.229287	0.521896
2021-07-29 06:19:25.000000 	218.000000	54.471779	-162.783631	257.228031	-0.044312	-0.005830	0.024708	0.256933	0.211662	0.384348	-0.127140	-0.021493	-0.007547	0.045707	0.191537	0.189457	0.431228
2021-07-29 06:19:26.000000 	219.000000	54.471779	-162.783631	257.228031	-0.035728	-0.002842	0.039650	0.399172	0.328852	0.597133	-0.207167	-0.005417	-0.007860	0.052588	0.297580	0.294351	0.669966
2021-07-29 06:19:27.000000 	220.000000	54.471779	-162.783631	257.228031	-0.063345	-0.008580	0.042383	0.267160	0.220105	0.399659	-0.119942	-0.026680	-0.010553	0.071129	0.199171	0.197011	0.448404
2021-07-29 06:19:28.000000 	221.000000	54.471779	-162.783631	257.228031	-0.025744	-0.003169	0.020564	0.299941	0.247121	0.448703	-0.159592	-0.008826	-0.004593	0.031571	0.223615	0.221191	0.503428
2021-07-29 06:19:29.000000 	222.000000	54.471779	-162.783631	257.228031	-0.030615	-0.014648	0.039910	0.302360	0.249125	0.452330	-0.150691	-0.004136	0.004930	0.051992	0.225424	0.222982	0.507494
2021-07-29 06:19:30.000000 	223.000000	54.471779	-162.783631	257.228031	-0.042068	-0.007776	0.023658	0.316507	0.260791	0.473501	-0.163001	-0.020828	-0.005023	0.043941	0.235977	0.233422	0.531244
2021-07-29 06:19:32.000000 	225.000000	54.471779	-162.783631	257.228031	-0.033419	-0.003134	0.006746	1.275926	1.051402	1.908865	-0.732050	-0.022813	-0.006897	0.024579	0.951336	0.941042	2.141634
2021-07-29 06:19:33.000000 	226.000000	54.471779	-162.783631	257.228031	-0.056084	-0.006763	0.055444	0.316488	0.260806	0.473492	-0.146292	-0.013008	-0.010140	0.077416	0.235980	0.233428	0.531228
2021-07-29 06:19:34.000000 	227.000000	54.471779	-162.783631	257.228031	-0.038894	-0.004801	0.021954	0.347469	0.286348	0.519850	-0.183016	-0.018634	-0.006926	0.040281	0.259087	0.256287	0.583237
2021-07-29 06:19:35.000000 	228.000000	54.471779	-162.783631	257.228031	-0.046506	-0.019726	0.021868	0.312447	0.257497	0.467461	-0.158701	-0.028196	0.005078	0.047003	0.232980	0.230462	0.524457
2021-07-29 06:19:36.000000 	229.000000	54.471779	-162.783631	257.228031	-0.042541	-0.017431	0.030326	0.268525	0.221308	0.401753	-0.131105	-0.019646	0.004059	0.051291	0.200233	0.198071	0.450736
2021-07-29 06:19:37.000000 	230.000000	54.471779	-162.783631	257.228031	-0.039014	-0.011861	0.037178	0.311948	0.257106	0.466728	-0.155462	-0.011581	-0.000218	0.053952	0.232619	0.230108	0.523630
2021-07-29 06:19:38.000000 	231.000000	54.471779	-162.783631	257.228031	-0.038318	-0.006855	0.025891	0.306210	0.252386	0.458149	-0.157310	-0.016393	-0.004793	0.043519	0.228346	0.225882	0.514003
2021-07-29 06:19:39.000000 	232.000000	54.471779	-162.783631	257.228031	-0.040555	-0.010902	0.029737	0.335278	0.276356	0.501648	-0.171753	-0.016872	-0.001590	0.048587	0.250029	0.247332	0.562803
2021-07-29 06:19:40.000000 	233.000000	54.471779	-162.783631	257.228031	-0.054370	-0.001935	0.036005	0.285678	0.235482	0.427441	-0.136889	-0.021809	-0.014244	0.059814	0.213046	0.210749	0.479548
2021-07-29 06:19:41.000000 	234.000000	54.471779	-162.783631	257.228031	-0.032314	0.008677	0.019721	0.350579	0.288990	0.524556	-0.188785	-0.011570	-0.017852	0.032494	0.261452	0.258635	0.588498
2021-07-29 06:19:42.000000 	235.000000	54.471779	-162.783631	257.228031	-0.050771	-0.016741	0.038730	0.308264	0.254119	0.461248	-0.148792	-0.020994	0.000964	0.062580	0.229901	0.227425	0.517471
2021-07-29 06:19:43.000000 	236.000000	54.471779	-162.783631	257.228031	-0.048861	-0.006904	0.043043	0.336455	0.277370	0.503438	-0.165173	-0.014633	-0.007867	0.063338	0.250932	0.248231	0.564801
2021-07-29 06:19:44.000000 	237.000000	54.471779	-162.783631	257.228031	-0.031923	-0.009037	0.022629	0.261477	0.215567	0.391254	-0.134048	-0.013843	-0.000816	0.037690	0.195018	0.192919	0.438942
2021-07-29 06:19:45.000000 	238.000000	54.471779	-162.783631	257.228031	-0.045956	-0.006697	0.044227	0.321514	0.265074	0.481096	-0.156804	-0.011637	-0.007206	0.062654	0.239801	0.237222	0.539731
2021-07-29 06:19:46.000000 	239.000000	54.471779	-162.783631	257.228031	-0.024941	-0.013639	0.028488	0.314751	0.259508	0.470983	-0.164237	-0.006119	0.005645	0.039374	0.234763	0.232240	0.528383
2021-07-29 06:19:47.000000 	240.000000	54.471779	-162.783631	257.228031	-0.047702	-0.006269	0.047363	0.295518	0.243660	0.442209	-0.139826	-0.011069	-0.008130	0.066101	0.220423	0.218055	0.496100
2021-07-29 06:19:48.000000 	241.000000	54.471779	-162.783631	257.228031	-0.046514	-0.017666	0.025506	0.328041	0.270487	0.490883	-0.166746	-0.025592	0.003108	0.049615	0.244688	0.242060	0.550704
2021-07-29 06:19:49.000000 	242.000000	54.471779	-162.783631	257.228031	-0.040138	-0.004230	0.039387	0.359764	0.296656	0.538361	-0.183037	-0.009333	-0.007839	0.055062	0.268357	0.265477	0.603965
2021-07-29 06:19:50.000000 	243.000000	54.471779	-162.783631	257.228031	-0.027158	-0.008710	0.017473	0.258423	0.213100	0.386717	-0.135693	-0.013056	0.000281	0.030792	0.192769	0.190701	0.433840
2021-07-29 06:19:51.000000 	244.000000	54.471779	-162.783631	257.228031	-0.046808	-0.010140	0.036966	0.364394	0.300498	0.545305	-0.184285	-0.017348	-0.004169	0.057810	0.271825	0.268910	0.611750
2021-07-29 06:19:52.000000 	245.000000	54.471779	-162.783631	257.228031	-0.041899	-0.008114	0.026819	0.248708	0.205106	0.372190	-0.122100	-0.018940	-0.004651	0.046479	0.185532	0.183544	0.417539
2021-07-29 06:19:53.000000 	246.000000	54.471779	-162.783631	257.228031	-0.032425	-0.009656	0.020945	0.303073	0.249950	0.453553	-0.158872	-0.015361	-0.000373	0.036704	0.226094	0.223671	0.508814
2021-07-29 06:19:54.000000 	247.000000	54.471779	-162.783631	257.228031	-0.046888	0.000803	0.046255	0.329091	0.271417	0.492496	-0.160839	-0.009377	-0.014645	0.063532	0.245509	0.242880	0.552499
2021-07-29 06:19:55.000000 	248.000000	54.471779	-162.783631	257.228031	-0.033211	-0.003545	0.015238	0.703559	0.580283	1.052914	0.424238	-0.017816	-0.006443	0.031445	0.524885	0.519266	1.181190
2021-07-29 06:19:56.000000 	249.000000	54.471779	-162.783631	257.228031	-0.039678	-0.010160	0.036457	1.314124	1.083909	1.966686	-0.740591	-0.012106	-0.002039	0.053441	0.980418	0.969928	2.206277
2021-07-29 06:19:57.000000 	250.000000	54.471779	-162.783631	257.228031	-0.049062	-0.004961	0.055862	0.692398	0.571123	1.036240	0.437649	-0.006872	-0.009783	0.073549	0.516585	0.511060	1.162474
2021-07-29 06:19:58.000000 	251.000000	54.471779	-162.783631	257.228031	-0.047198	-0.016861	0.024287	0.348731	0.287661	0.521917	-0.179288	-0.026638	0.002136	0.048864	0.260188	0.257407	0.585494
2021-07-29 06:19:59.000000 	252.000000	54.471779	-162.783631	257.228031	-0.042750	0.002026	0.024158	0.259829	0.214336	0.388870	-0.130333	-0.018706	-0.014589	0.043041	0.193864	0.191792	0.436238
2021-07-29 06:20:00.000000 	253.000000	54.471779	-162.783631	257.228031	-0.055531	-0.027262	0.047989	0.341954	0.282094	0.511789	-0.162374	-0.021848	0.009604	0.074567	0.255146	0.252421	0.574128
2021-07-29 06:20:01.000000 	254.000000	54.471779	-162.783631	257.228031	-0.040328	-0.002374	0.024040	0.267284	0.220504	0.400039	-0.135144	-0.017952	-0.009668	0.042357	0.199437	0.197308	0.448764
2021-07-29 06:20:02.000000 	255.000000	54.471779	-162.783631	257.228031	-0.043701	-0.012532	0.051581	1.338105	1.103954	2.002742	-0.747361	-0.007016	-0.000965	0.068391	0.998466	0.987812	2.246665
2021-07-29 06:20:03.000000 	256.000000	54.471779	-162.783631	257.228031	-0.039463	-0.009548	0.004452	0.388964	0.320913	0.582171	-0.213562	-0.030390	-0.002560	0.027170	0.290245	0.287149	0.653073
2021-07-29 06:20:04.000000 	257.000000	54.471779	-162.783631	257.228031	-0.062577	-0.014306	0.057411	0.294460	0.242953	0.440731	-0.129995	-0.018729	-0.004857	0.083917	0.219732	0.217390	0.494406
2021-07-29 06:20:05.000000 	258.000000	54.471779	-162.783631	257.228031	-0.034078	-0.000601	0.023685	0.297755	0.245681	0.445668	-0.155147	-0.012872	-0.009512	0.038294	0.222196	0.219829	0.499941
2021-07-29 06:20:06.000000 	259.000000	54.471779	-162.783631	257.228031	-0.037769	-0.017034	0.035231	0.258096	0.212967	0.386313	-0.124590	-0.012990	0.005092	0.052566	0.192606	0.190555	0.433357
2021-07-29 06:20:07.000000 	260.000000	54.471779	-162.783631	257.228031	-0.040148	0.000316	0.027414	0.325186	0.268336	0.486739	-0.168080	-0.015203	-0.012185	0.044541	0.242679	0.240096	0.546009
2021-07-29 06:20:08.000000 	261.000000	54.471779	-162.783631	257.228031	-0.040509	-0.009588	0.038667	0.304130	0.250972	0.455229	-0.150234	-0.011331	-0.002831	0.055602	0.226972	0.224556	0.510660
2021-07-29 06:20:09.000000 	262.000000	54.471779	-162.783631	257.228031	-0.036999	-0.004827	0.036181	0.313604	0.258800	0.469416	-0.158232	-0.008899	-0.006340	0.050813	0.234048	0.231559	0.526572
2021-07-29 06:20:10.000000 	263.000000	54.471779	-162.783631	257.228031	-0.028987	0.001514	0.036011	0.323114	0.266659	0.483659	-0.166614	-0.001243	-0.010026	0.045136	0.241153	0.238589	0.542546
2021-07-29 06:20:11.000000 	264.000000	54.471779	-162.783631	257.228031	-0.048651	-0.014485	0.035219	0.292122	0.241092	0.437273	-0.141695	-0.020843	-0.000563	0.058158	0.218028	0.215711	0.490511
2021-07-29 06:20:12.000000 	265.000000	54.471779	-162.783631	257.228031	-0.031682	0.000664	0.032366	0.300575	0.248078	0.449932	-0.154124	-0.005660	-0.010011	0.043811	0.224343	0.221960	0.504709
2021-07-29 06:20:13.000000 	266.000000	54.471779	-162.783631	257.228031	-0.054185	-0.009528	0.045111	0.311816	0.257366	0.466765	-0.148202	-0.018203	-0.006936	0.068427	0.232739	0.230268	0.523589
2021-07-29 06:20:14.000000 	267.000000	54.471779	-162.783631	257.228031	-0.042800	-0.013630	0.033164	0.328197	0.270898	0.491293	-0.165489	-0.017283	0.000351	0.053091	0.244972	0.242373	0.551101
2021-07-29 06:20:15.000000 	268.000000	54.471779	-162.783631	257.228031	-0.034602	-0.010185	0.007057	0.314851	0.259892	0.471321	-0.170566	-0.025251	-0.000512	0.026702	0.235017	0.232524	0.528694
2021-07-29 06:20:16.000000 	269.000000	54.471779	-162.783631	257.228031	-0.052299	-0.012933	0.067348	0.310255	0.256109	0.464448	-0.138467	-0.004635	-0.003126	0.086063	0.231593	0.229137	0.520982
2021-07-29 06:20:17.000000 	270.000000	54.471779	-162.783631	257.228031	-0.048218	-0.006579	0.038051	0.312188	0.257714	0.467347	-0.153306	-0.016956	-0.007988	0.058863	0.233042	0.230572	0.524232
2021-07-29 06:20:18.000000 	271.000000	54.471779	-162.783631	257.228031	-0.040726	-0.015672	0.030153	0.301957	0.249279	0.452037	-0.151686	-0.017912	0.002915	0.049840	0.225411	0.223023	0.507057
2021-07-29 06:20:19.000000 	272.000000	54.471779	-162.783631	257.228031	-0.031061	-0.015393	0.021342	0.322516	0.266262	0.482822	-0.169937	-0.015452	0.005510	0.037257	0.240765	0.238215	0.541586
2021-07-29 06:20:20.000000 	273.000000	54.471779	-162.783631	257.228031	-0.043980	-0.004353	0.032662	0.325431	0.268680	0.487192	-0.164680	-0.016257	-0.008859	0.051742	0.242947	0.240376	0.546486
2021-07-29 06:20:21.000000 	274.000000	54.471779	-162.783631	257.228031	-0.054035	-0.006269	0.034045	0.271768	0.224384	0.406860	-0.129355	-0.023731	-0.010006	0.058778	0.202891	0.200745	0.456375
2021-07-29 06:20:22.000000 	275.000000	54.471779	-162.783631	257.228031	-0.035120	0.000781	0.020642	0.363135	0.299832	0.543651	-0.194523	-0.015118	-0.011141	0.036159	0.271109	0.268242	0.609810
2021-07-29 06:20:23.000000 	276.000000	54.471779	-162.783631	257.228031	-0.045266	-0.009146	0.034115	0.263351	0.217452	0.394269	-0.126832	-0.017567	-0.004662	0.054463	0.196618	0.194540	0.442247
2021-07-29 06:20:24.000000 	277.000000	54.471779	-162.783631	257.228031	-0.036898	-0.001156	0.039464	0.348509	0.287780	0.521769	-0.177767	-0.006029	-0.009817	0.052796	0.260204	0.257455	0.585260
2021-07-29 06:20:25.000000 	278.000000	54.471779	-162.783631	257.228031	-0.048658	-0.012464	0.049269	0.275337	0.227367	0.412224	-0.126488	-0.012197	-0.002497	0.069248	0.205578	0.203407	0.462383
2021-07-29 06:20:26.000000 	279.000000	54.471779	-162.783631	257.228031	-0.036434	0.000741	0.035862	0.325821	0.269067	0.487814	-0.166246	-0.007305	-0.011491	0.049281	0.243278	0.240711	0.547169
2021-07-29 06:20:27.000000 	280.000000	54.471779	-162.783631	257.228031	-0.052198	-0.007023	0.041681	0.298861	0.246813	0.447456	-0.142842	-0.018048	-0.008741	0.064103	0.223154	0.220800	0.501898
2021-07-29 06:20:28.000000 	281.000000	54.471779	-162.783631	257.228031	-0.026451	-0.001361	0.017532	0.336656	0.278037	0.504049	-0.182495	-0.010702	-0.006529	0.029185	0.251382	0.248731	0.565373
2021-07-29 06:20:29.000000 	282.000000	54.471779	-162.783631	257.228031	-0.052713	-0.030978	0.053992	0.280653	0.231795	0.420206	-0.124380	-0.017064	0.013988	0.078527	0.209570	0.207361	0.471328
2021-07-29 06:20:30.000000 	283.000000	54.471779	-162.783631	257.228031	-0.046843	-0.004827	0.038554	0.315845	0.260871	0.472903	-0.155879	-0.015174	-0.009254	0.058208	0.235856	0.233371	0.530433
2021-07-29 06:20:31.000000 	284.000000	54.471779	-162.783631	257.228031	-0.037373	-0.012961	0.028315	0.297872	0.246036	0.445998	-0.151334	-0.015720	0.001319	0.046018	0.222440	0.220098	0.500253
2021-07-29 06:20:32.000000 	285.000000	54.471779	-162.783631	257.228031	-0.047280	-0.001465	0.040601	0.289752	0.239339	0.433846	-0.139893	-0.013513	-0.012595	0.059537	0.216383	0.214105	0.486620
2021-07-29 06:20:33.000000 	286.000000	54.471779	-162.783631	257.228031	-0.049156	-0.007909	0.028221	0.367427	0.303511	0.550155	-0.189275	-0.023718	-0.006995	0.051612	0.274397	0.271509	0.617075
2021-07-29 06:20:34.000000 	287.000000	54.471779	-162.783631	257.228031	-0.035215	-0.015007	0.031532	0.254755	0.210448	0.381455	-0.125175	-0.012667	0.003912	0.047789	0.190258	0.188257	0.427853
2021-07-29 06:20:35.000000 	288.000000	54.471779	-162.783631	257.228031	-0.034003	-0.012072	0.034714	0.321247	0.265386	0.481021	-0.163519	-0.009168	0.001467	0.049201	0.239922	0.237400	0.539527
2021-07-29 06:20:36.000000 	289.000000	54.471779	-162.783631	257.228031	-0.042223	-0.012055	0.018396	0.084585	0.069879	0.126655	0.064006	-0.025037	-0.000982	0.040481	0.063174	0.062510	0.142059
2021-07-29 06:20:37.000000 	290.000000	54.471779	-162.783631	257.228031	-0.049348	-0.001963	0.042528	0.285073	0.235522	0.426867	-0.135727	-0.014121	-0.012730	0.062339	0.212918	0.210682	0.478782
2021-07-29 06:20:38.000000 	291.000000	54.471779	-162.783631	257.228031	-0.049470	-0.005290	0.052810	0.343410	0.283730	0.514227	-0.165548	-0.009043	-0.009589	0.071348	0.256496	0.253803	0.576764
2021-07-29 06:20:39.000000 	292.000000	54.471779	-162.783631	257.228031	-0.053377	-0.014421	0.050964	0.304213	0.251355	0.455539	-0.141270	-0.015352	-0.002024	0.073584	0.227226	0.224842	0.510936
2021-07-29 06:20:40.000000 	293.000000	54.471779	-162.783631	257.228031	-0.023847	0.007459	0.001943	0.316236	0.261300	0.473548	-0.178248	-0.015612	-0.014183	0.013535	0.236213	0.233735	0.531133
2021-07-29 06:20:41.000000 	294.000000	54.471779	-162.783631	257.228031	-0.047901	-0.012513	0.040978	0.318831	0.263455	0.477441	-0.155672	-0.016439	-0.002225	0.062090	0.238158	0.235661	0.535496
2021-07-29 06:20:42.000000 	295.000000	54.471779	-162.783631	257.228031	-0.054938	-0.010938	0.050654	0.299277	0.247307	0.448165	-0.138379	-0.015906	-0.005813	0.073599	0.223558	0.221215	0.502658
2021-07-29 06:20:43.000000 	296.000000	54.471779	-162.783631	257.228031	-0.038573	-0.003422	0.044016	0.269658	0.222841	0.403816	-0.129114	-0.005231	-0.008148	0.057821	0.201439	0.199329	0.452915
2021-07-29 06:20:44.000000 	297.000000	54.471779	-162.783631	257.228031	-0.036086	-0.005455	0.028855	0.347034	0.286794	0.519693	-0.181108	-0.012598	-0.005470	0.044452	0.259247	0.256532	0.582878
2021-07-29 06:20:45.000000 	298.000000	54.471779	-162.783631	257.228031	-0.053649	-0.008235	0.047438	0.305137	0.252181	0.456958	-0.143774	-0.016123	-0.008013	0.069802	0.227955	0.225569	0.512513
2021-07-29 06:20:46.000000 	299.000000	54.471779	-162.783631	257.228031	-0.044650	0.000352	0.037866	0.332828	0.275077	0.498432	-0.167286	-0.012620	-0.013551	0.055540	0.248649	0.246047	0.559027
2021-07-29 06:20:47.000000 	300.000000	54.471779	-162.783631	257.228031	-0.039690	-0.026135	0.035387	0.266731	0.220458	0.399452	-0.128069	-0.016585	0.013216	0.055325	0.199274	0.197191	0.448012
2021-07-29 06:20:48.000000 	301.000000	54.471779	-162.783631	257.228031	-0.043015	-0.002642	0.035825	0.340599	0.281523	0.510082	-0.172887	-0.013256	-0.010208	0.053486	0.254468	0.251808	0.572088
2021-07-29 06:20:49.000000 	302.000000	54.471779	-162.783631	257.228031	-0.040569	-0.012106	0.026393	0.296851	0.245373	0.444571	-0.150748	-0.019116	-0.000444	0.046081	0.221790	0.219472	0.498610
2021-07-29 06:20:50.000000 	303.000000	54.471779	-162.783631	257.228031	-0.036988	-0.003545	0.041450	0.302539	0.250084	0.453094	-0.149922	-0.005520	-0.007562	0.054874	0.226046	0.223685	0.508168
2021-07-29 06:20:51.000000 	304.000000	54.471779	-162.783631	257.228031	-0.037770	-0.008686	0.040795	0.277932	0.229753	0.416247	-0.135065	-0.007747	-0.002882	0.055659	0.207666	0.205499	0.466840
2021-07-29 06:20:52.000000 	305.000000	54.471779	-162.783631	257.228031	-0.048721	-0.001108	0.034167	0.364328	0.301186	0.545647	-0.185977	-0.018287	-0.013362	0.055040	0.272228	0.269388	0.611964
2021-07-29 06:20:53.000000 	306.000000	54.471779	-162.783631	257.228031	-0.047225	-0.012127	0.032470	0.271559	0.224503	0.406713	-0.131538	-0.020764	-0.002394	0.054724	0.202916	0.200800	0.456142
2021-07-29 06:20:54.000000 	307.000000	54.471779	-162.783631	257.228031	-0.042401	-0.008647	0.035073	0.348602	0.288209	0.522106	-0.177522	-0.014663	-0.004290	0.053566	0.260492	0.257777	0.585558
2021-07-29 06:20:55.000000 	308.000000	54.471779	-162.783631	257.228031	-0.037065	-0.001350	0.033795	0.301367	0.249167	0.451367	-0.152534	-0.009500	-0.009682	0.048309	0.225202	0.222856	0.506219
2021-07-29 06:20:56.000000 	309.000000	54.471779	-162.783631	257.228031	-0.050462	-0.016956	0.052937	0.285271	0.235869	0.427266	-0.129995	-0.012550	0.001261	0.074007	0.213181	0.210960	0.479186
2021-07-29 06:20:57.000000 	310.000000	54.471779	-162.783631	257.228031	-0.043941	0.002555	0.029516	0.305967	0.252991	0.458268	-0.155279	-0.016391	-0.015446	0.047972	0.228653	0.226272	0.513954
2021-07-29 06:20:58.000000 	311.000000	54.471779	-162.783631	257.228031	-0.039802	-0.017297	0.031447	0.292343	0.241736	0.437868	-0.145798	-0.016834	0.004742	0.050660	0.218478	0.216204	0.491072
2021-07-29 06:20:59.000000 	312.000000	54.471779	-162.783631	257.228031	-0.059840	-0.006709	0.049291	0.329955	0.272848	0.494208	-0.155985	-0.019490	-0.011303	0.074483	0.246594	0.244028	0.554256
2021-07-29 06:21:00.000000 	313.000000	54.471779	-162.783631	257.228031	-0.039612	-0.002744	0.045316	0.303931	0.251339	0.455236	-0.148548	-0.005120	-0.009103	0.059339	0.227152	0.224789	0.510546
2021-07-29 06:21:01.000000 	314.000000	54.471779	-162.783631	257.228031	-0.039970	-0.010590	0.031762	0.294380	0.243450	0.440934	-0.147571	-0.015164	-0.001715	0.049856	0.220019	0.217732	0.494504
2021-07-29 06:21:02.000000 	315.000000	54.471779	-162.783631	257.228031	-0.042842	-0.008086	0.043620	0.326954	0.270400	0.489731	-0.161370	-0.009904	-0.004957	0.060670	0.244372	0.241833	0.549227
2021-07-29 06:21:03.000000 	316.000000	54.471779	-162.783631	257.228031	-0.039929	-0.008811	0.032550	0.324945	0.268750	0.486728	-0.165390	-0.014247	-0.003402	0.050169	0.242878	0.240355	0.545857
2021-07-29 06:21:04.000000 	317.000000	54.471779	-162.783631	257.228031	-0.040586	-0.001829	0.037196	0.289214	0.239208	0.433212	-0.143027	-0.010376	-0.010266	0.053114	0.216177	0.213933	0.485837
2021-07-29 06:21:05.000000 	318.000000	54.471779	-162.783631	257.228031	-0.041207	-0.012377	0.042206	0.332901	0.275352	0.498657	-0.165474	-0.010488	-0.000374	0.059350	0.248839	0.246257	0.559229
2021-07-29 06:21:06.000000 	319.000000	54.471779	-162.783631	257.228031	-0.045034	-0.002147	0.019228	0.286173	0.236712	0.428668	-0.146970	-0.024351	-0.011279	0.041015	0.213917	0.211698	0.480736
2021-07-29 06:21:07.000000 	320.000000	54.471779	-162.783631	257.228031	-0.042183	-0.014447	0.039770	0.283919	0.234858	0.425297	-0.137222	-0.013161	0.001314	0.058265	0.212238	0.210038	0.476954
2021-07-29 06:21:08.000000 	321.000000	54.471779	-162.783631	257.228031	-0.048718	-0.004201	0.042716	0.339577	0.280910	0.508676	-0.167855	-0.014062	-0.010406	0.062528	0.253852	0.251221	0.570457
2021-07-29 06:21:09.000000 	322.000000	54.471779	-162.783631	257.228031	-0.038165	-0.015954	0.052089	0.276289	0.228565	0.413877	-0.128690	-0.003242	0.003943	0.066319	0.206546	0.204407	0.464142
2021-07-29 06:21:10.000000 	323.000000	54.471779	-162.783631	257.228031	-0.046739	-0.005224	0.039389	0.331965	0.274635	0.497284	-0.165210	-0.014703	-0.008844	0.058898	0.248176	0.245606	0.557677
2021-07-29 06:21:11.000000 	324.000000	54.471779	-162.783631	257.228031	-0.040335	-0.002533	0.024016	0.329639	0.272723	0.493807	-0.172046	-0.018009	-0.009518	0.042369	0.246444	0.243894	0.553774
2021-07-29 06:21:12.000000 	325.000000	54.471779	-162.783631	257.228031	-0.040347	-0.005200	0.051438	0.278889	0.230745	0.417787	-0.130956	-0.002726	-0.006975	0.065151	0.208509	0.206352	0.468521
2021-07-29 06:21:13.000000 	326.000000	54.471779	-162.783631	257.228031	-0.046620	-0.002947	0.044361	0.318955	0.263905	0.477813	-0.155818	-0.011172	-0.010984	0.062487	0.238471	0.236005	0.535833
2021-07-29 06:21:14.000000 	327.000000	54.471779	-162.783631	257.228031	-0.056359	-0.010146	0.035838	0.272878	0.225790	0.408792	-0.128439	-0.025430	-0.006990	0.062194	0.204027	0.201918	0.458428
2021-07-29 06:21:15.000000 	328.000000	54.471779	-162.783631	257.228031	-0.041177	-0.007954	0.054688	0.330300	0.273314	0.494819	-0.159349	-0.002146	-0.004590	0.068730	0.246967	0.244415	0.554899
2021-07-29 06:21:16.000000 	329.000000	54.471779	-162.783631	257.228031	-0.048920	-0.014198	0.026380	0.401224	0.332016	0.601077	0.257070	-0.026120	-0.000918	0.051065	0.300006	0.296908	0.674055
2021-07-29 06:21:17.000000 	330.000000	54.471779	-162.783631	257.228031	-0.041085	-0.000198	0.017843	0.330605	0.273590	0.495288	-0.175048	-0.021617	-0.011971	0.037360	0.247210	0.244658	0.555419
2021-07-29 06:21:18.000000 	331.000000	54.471779	-162.783631	257.228031	-0.038866	-0.013657	0.065208	0.287235	0.237709	0.430320	-0.129724	0.004390	0.001542	0.076991	0.214787	0.212570	0.482562
2021-07-29 06:21:19.000000 	332.000000	54.471779	-162.783631	257.228031	-0.037272	-0.002978	0.029571	0.307351	0.254367	0.460462	-0.157651	-0.012508	-0.008187	0.045267	0.229836	0.227465	0.516360
