2021-07-29 06:12:43.000000 	-184.000000	56.564458	-154.180966	450.800004	-0.025045	-0.029339	-0.002564	0.331840	0.265395	0.487656	-0.181970	-0.030890	0.015502	0.017324	0.243727	0.234708	0.551244
2021-07-29 06:12:44.000000 	-183.000000	56.564458	-154.180966	450.800004	-0.032681	-0.008498	0.020378	0.349954	0.279891	0.514288	-0.183893	-0.016411	-0.006584	0.035254	0.257034	0.247521	0.581349
2021-07-29 06:12:45.000000 	-182.000000	56.564458	-154.180966	450.800004	-0.032813	-0.014826	-0.000351	0.216048	0.172799	0.317508	-0.113534	-0.030231	-0.000945	0.019540	0.158684	0.152810	0.358909
2021-07-29 06:12:46.000000 	-181.000000	56.564458	-154.180966	450.800004	-0.031331	-0.015443	0.018833	0.380001	0.303941	0.558470	-0.201524	-0.018772	0.000255	0.034962	0.279108	0.268775	0.631292
2021-07-29 06:12:47.000000 	-180.000000	56.564458	-154.180966	450.800004	-0.024052	-0.014783	-0.008673	0.337679	0.270098	0.496283	-0.189747	-0.028220	0.002832	0.008240	0.248024	0.238842	0.560995
2021-07-29 06:12:48.000000 	-179.000000	56.564458	-154.180966	450.800004	-0.038443	-0.017317	0.029298	0.306687	0.245315	0.450744	-0.152867	-0.019029	-0.001155	0.047673	0.225262	0.216921	0.509517
2021-07-29 06:12:49.000000 	-178.000000	56.564458	-154.180966	450.800004	-0.028790	-0.010270	0.006217	0.313597	0.250851	0.460911	-0.169330	-0.021934	-0.003294	0.021933	0.230340	0.221810	0.521010
2021-07-29 06:12:50.000000 	-177.000000	56.564458	-154.180966	450.800004	-0.033211	-0.018143	0.006134	0.333060	0.266427	0.489528	-0.178468	-0.028162	0.001867	0.025946	0.244638	0.235578	0.553358
2021-07-29 06:12:51.000000 	-176.000000	56.564458	-154.180966	450.800004	-0.039247	-0.023652	0.032707	0.309663	0.247719	0.455150	-0.152309	-0.020057	0.004198	0.052436	0.227455	0.219030	0.514498
2021-07-29 06:12:52.000000 	-175.000000	56.564458	-154.180966	450.800004	-0.025124	-0.013756	0.000844	0.343468	0.274769	0.504848	-0.189312	-0.023408	0.001440	0.016467	0.252287	0.242942	0.570676
2021-07-29 06:12:53.000000 	-174.000000	56.564458	-154.180966	450.800004	-0.033883	-0.015626	0.015154	0.308681	0.246948	0.453728	-0.161023	-0.022783	-0.000691	0.033202	0.226738	0.218337	0.512889
2021-07-29 06:12:54.000000 	-173.000000	56.564458	-154.180966	450.800004	-0.025476	-0.020566	0.001487	0.335203	0.268173	0.492722	-0.183413	-0.025793	0.007418	0.018812	0.246221	0.237098	0.556968
2021-07-29 06:12:55.000000 	-172.000000	56.564458	-154.180966	450.800004	-0.034972	-0.010654	0.002301	0.327901	0.262340	0.482000	-0.177218	-0.028875	-0.005641	0.021823	0.240859	0.231934	0.544848
2021-07-29 06:12:56.000000 	-171.000000	56.564458	-154.180966	450.800004	-0.037424	-0.016037	0.024915	0.288529	0.230847	0.424134	-0.144515	-0.020214	-0.001864	0.043202	0.211940	0.204086	0.479436
2021-07-29 06:12:57.000000 	-170.000000	56.564458	-154.180966	450.800004	-0.032112	-0.014453	0.001100	0.300061	0.240081	0.441097	-0.162018	-0.028769	-0.000976	0.020314	0.220414	0.212244	0.498611
2021-07-29 06:12:58.000000 	-169.000000	56.564458	-154.180966	450.800004	-0.034238	-0.024408	0.007516	0.403686	0.323001	0.593441	-0.217748	-0.030450	0.007060	0.029112	0.296535	0.285543	0.670818
2021-07-29 06:12:59.000000 	-168.000000	56.564458	-154.180966	450.800004	-0.023855	-0.010856	0.015786	0.271444	0.217197	0.399047	-0.142657	-0.013168	-0.000617	0.027611	0.199396	0.192004	0.451077
2021-07-29 06:13:00.000000 	-167.000000	56.564458	-154.180966	450.800004	-0.023070	-0.008742	0.001650	0.332871	0.266356	0.489361	-0.184006	-0.019598	-0.002178	0.014917	0.244521	0.235455	0.553167
2021-07-29 06:13:01.000000 	-166.000000	56.564458	-154.180966	450.800004	-0.031834	-0.022932	0.012144	0.271950	0.217616	0.399810	-0.140663	-0.025558	0.006778	0.031427	0.199772	0.192364	0.451939
2021-07-29 06:13:02.000000 	-165.000000	56.564458	-154.180966	450.800004	-0.035672	-0.015552	0.009370	0.328974	0.263254	0.483654	-0.174453	-0.027287	-0.001536	0.029245	0.241663	0.232701	0.546715
2021-07-29 06:13:03.000000 	-164.000000	56.564458	-154.180966	450.800004	-0.037005	-0.016656	0.026931	0.351793	0.281523	0.517214	-0.180363	-0.019012	-0.001123	0.044825	0.258428	0.248843	0.584650
2021-07-29 06:13:04.000000 	-163.000000	56.564458	-154.180966	450.800004	-0.025976	-0.014652	0.018020	0.335333	0.268359	0.493025	-0.177659	-0.014910	0.001876	0.031438	0.246339	0.237201	0.557307
2021-07-29 06:13:05.000000 	-162.000000	56.564458	-154.180966	450.800004	-0.031620	-0.008435	0.000186	0.316326	0.253156	0.465090	-0.172556	-0.026716	-0.006178	0.017862	0.232378	0.223757	0.525730
2021-07-29 06:13:06.000000 	-161.000000	56.564458	-154.180966	450.800004	-0.033083	-0.033770	0.017868	0.301801	0.241539	0.443744	-0.153959	-0.027280	0.015990	0.039424	0.221710	0.213484	0.501600
2021-07-29 06:13:07.000000 	-160.000000	56.564458	-154.180966	450.800004	-0.033033	-0.005047	0.002550	0.300453	0.240467	0.441772	-0.162385	-0.025244	-0.009844	0.019723	0.220722	0.212531	0.499371
2021-07-29 06:13:08.000000 	-159.000000	56.564458	-154.180966	450.800004	-0.030434	-0.021429	0.019829	0.296045	0.236946	0.435301	-0.152256	-0.019725	0.006035	0.036785	0.217485	0.209414	0.492055
2021-07-29 06:13:09.000000 	-158.000000	56.564458	-154.180966	450.800004	-0.038965	-0.009214	0.006325	0.327167	0.261864	0.481074	-0.174226	-0.029134	-0.008676	0.026816	0.240352	0.231431	0.543796
2021-07-29 06:13:10.000000 	-157.000000	56.564458	-154.180966	450.800004	-0.026074	-0.022347	0.027696	0.360501	0.288553	0.530100	-0.187481	-0.012448	0.008760	0.041407	0.264842	0.255012	0.599214
2021-07-29 06:13:11.000000 	-156.000000	56.564458	-154.180966	450.800004	-0.024629	-0.020280	-0.014963	0.288249	0.230728	0.423866	-0.162642	-0.034117	0.007528	0.004596	0.211764	0.203903	0.479129
2021-07-29 06:13:12.000000 	-155.000000	56.564458	-154.180966	450.800004	-0.034899	-0.006619	0.025141	0.337082	0.269824	0.495685	-0.174159	-0.014769	-0.009242	0.039878	0.247642	0.238448	0.560311
2021-07-29 06:13:13.000000 	-154.000000	56.564458	-154.180966	450.800004	-0.033427	-0.019542	-0.000929	0.325919	0.260897	0.479281	-0.176782	-0.032725	0.003033	0.020494	0.239444	0.230553	0.541768
2021-07-29 06:13:14.000000 	-153.000000	56.564458	-154.180966	450.800004	-0.041193	-0.021943	0.030857	0.317678	0.254308	0.467173	-0.157329	-0.021918	0.001812	0.051448	0.233392	0.224724	0.528081
2021-07-29 06:13:15.000000 	-152.000000	56.564458	-154.180966	450.800004	-0.019988	-0.012824	0.008811	0.331704	0.265544	0.487810	-0.181013	-0.014821	0.002839	0.020345	0.243699	0.234648	0.551409
2021-07-29 06:13:16.000000 	-151.000000	56.564458	-154.180966	450.800004	-0.026641	-0.010599	-0.013535	0.324316	0.259638	0.476956	-0.183560	-0.031323	-0.002062	0.004462	0.238273	0.229423	0.539139
2021-07-29 06:13:17.000000 	-150.000000	56.564458	-154.180966	450.800004	-0.039698	-0.024710	0.037934	0.316877	0.253690	0.466026	-0.154196	-0.017900	0.004954	0.057276	0.232810	0.224161	0.526783
2021-07-29 06:13:18.000000 	-149.000000	56.564458	-154.180966	450.800004	-0.037698	-0.013185	0.020173	0.323494	0.258996	0.475768	-0.166814	-0.021995	-0.004550	0.038697	0.237674	0.228844	0.537796
2021-07-29 06:13:19.000000 	-148.000000	56.564458	-154.180966	450.800004	-0.017522	-0.015083	-0.017197	0.308120	0.246694	0.453167	-0.177702	-0.028120	0.005946	-0.002040	0.226381	0.217969	0.512248
2021-07-29 06:13:20.000000 	-147.000000	56.564458	-154.180966	450.800004	-0.042929	-0.021151	0.025974	0.304371	0.243700	0.447664	-0.151098	-0.025624	0.000343	0.048044	0.223629	0.215318	0.506026
2021-07-29 06:13:21.000000 	-146.000000	56.564458	-154.180966	450.800004	-0.022155	-0.009020	0.005381	0.348964	0.279413	0.513261	-0.192104	-0.016956	-0.001530	0.017644	0.256395	0.246866	0.580175
2021-07-29 06:13:22.000000 	-145.000000	56.564458	-154.180966	450.800004	-0.037025	-0.023865	0.006122	0.311660	0.249552	0.458404	-0.164299	-0.033114	0.005357	0.029200	0.228989	0.220477	0.518167
2021-07-29 06:13:23.000000 	-144.000000	56.564458	-154.180966	450.800004	-0.040161	-0.015326	0.024294	0.330009	0.264252	0.485403	-0.168048	-0.022354	-0.003695	0.043871	0.242473	0.233459	0.548685
2021-07-29 06:13:24.000000 	-143.000000	56.564458	-154.180966	450.800004	-0.015031	-0.016636	-0.012059	0.313606	0.251126	0.461287	-0.179483	-0.023983	0.008429	0.001384	0.230424	0.221856	0.521424
2021-07-29 06:13:25.000000 	-142.000000	56.564458	-154.180966	450.800004	-0.043428	-0.018849	0.041958	0.314160	0.251577	0.462112	-0.150617	-0.016355	-0.001947	0.061077	0.230833	0.222250	0.522356
2021-07-29 06:13:26.000000 	-141.000000	56.564458	-154.180966	450.800004	-0.037979	-0.014812	0.004889	0.325506	0.260671	0.478811	-0.173550	-0.031220	-0.003207	0.026472	0.239172	0.230277	0.541233
2021-07-29 06:13:27.000000 	-140.000000	56.564458	-154.180966	450.800004	-0.031952	-0.018782	0.013544	0.301347	0.241331	0.443284	-0.157642	-0.023366	0.002991	0.031658	0.221423	0.213188	0.501073
2021-07-29 06:13:28.000000 	-139.000000	56.564458	-154.180966	450.800004	-0.031131	-0.015045	0.016099	0.343282	0.274923	0.504982	-0.181541	-0.019983	-0.000015	0.032486	0.252239	0.242856	0.570814
2021-07-29 06:13:29.000000 	-138.000000	56.564458	-154.180966	450.800004	-0.024510	-0.021705	0.008982	0.308026	0.246695	0.453128	-0.165023	-0.021352	0.008864	0.024861	0.226335	0.217915	0.512200
2021-07-29 06:13:30.000000 	-137.000000	56.564458	-154.180966	450.800004	-0.035237	-0.008151	0.014913	0.312013	0.249896	0.459003	-0.163438	-0.021215	-0.008010	0.031878	0.229267	0.220737	0.518841
2021-07-29 06:13:31.000000 	-136.000000	56.564458	-154.180966	450.800004	-0.037955	-0.025122	0.001788	0.324407	0.259831	0.477247	-0.172873	-0.036657	0.006084	0.026346	0.238377	0.229507	0.539463
2021-07-29 06:13:32.000000 	-135.000000	56.564458	-154.180966	450.800004	-0.020310	-0.011565	0.001383	0.310611	0.248789	0.456961	-0.171782	-0.018698	0.001565	0.014003	0.228242	0.219748	0.516532
2021-07-29 06:13:33.000000 	-134.000000	56.564458	-154.180966	450.800004	-0.036397	-0.019331	0.021646	0.353489	0.283141	0.520054	-0.183327	-0.022441	0.001549	0.040755	0.259752	0.250085	0.587848
2021-07-29 06:13:34.000000 	-133.000000	56.564458	-154.180966	450.800004	-0.032587	-0.010202	0.018900	0.279594	0.223960	0.411349	-0.143744	-0.017774	-0.005009	0.034383	0.205455	0.197807	0.464972
2021-07-29 06:13:35.000000 	-132.000000	56.564458	-154.180966	450.800004	-0.033043	-0.010043	0.009451	0.352467	0.282341	0.518573	-0.189382	-0.023264	-0.005351	0.026686	0.259007	0.249365	0.586174
2021-07-29 06:13:36.000000 	-131.000000	56.564458	-154.180966	450.800004	-0.023341	-0.022168	-0.009297	0.337281	0.270185	0.496241	-0.189124	-0.030714	0.009789	0.009139	0.247851	0.238623	0.560931
2021-07-29 06:13:37.000000 	-130.000000	56.564458	-154.180966	450.800004	-0.032904	-0.023524	0.019360	0.305886	0.245043	0.450059	-0.157204	-0.022600	0.006846	0.038122	0.224782	0.216412	0.508728
2021-07-29 06:13:38.000000 	-129.000000	56.564458	-154.180966	450.800004	-0.041183	-0.013945	0.019087	0.309698	0.248104	0.455677	-0.158154	-0.025488	-0.005383	0.039702	0.227586	0.219110	0.515078
2021-07-29 06:13:39.000000 	-128.000000	56.564458	-154.180966	450.800004	-0.031046	-0.014940	0.019334	0.289613	0.232021	0.426135	-0.149331	-0.018098	-0.000073	0.035118	0.212829	0.204902	0.481684
2021-07-29 06:13:40.000000 	-127.000000	56.564458	-154.180966	450.800004	-0.027266	-0.018108	0.013349	0.342734	0.274587	0.504307	-0.183058	-0.019709	0.004425	0.029009	0.251868	0.242486	0.570046
2021-07-29 06:13:41.000000 	-126.000000	56.564458	-154.180966	450.800004	-0.040946	-0.015178	0.011141	0.347320	0.278270	0.511066	-0.182909	-0.030136	-0.004170	0.033248	0.255241	0.245733	0.577686
2021-07-29 06:13:42.000000 	-125.000000	56.564458	-154.180966	450.800004	-0.022395	-0.013522	0.000806	0.311473	0.249558	0.458330	-0.171712	-0.021293	0.002418	0.015026	0.228901	0.220372	0.518074
2021-07-29 06:13:43.000000 	-124.000000	56.564458	-154.180966	450.800004	-0.039540	-0.015632	0.021660	0.315406	0.252717	0.464127	-0.160795	-0.023449	-0.003149	0.041438	0.231794	0.223157	0.524627
2021-07-29 06:13:44.000000 	-123.000000	56.564458	-154.180966	450.800004	-0.029895	-0.020665	0.009910	0.334356	0.267909	0.492023	-0.178511	-0.024507	0.005582	0.028057	0.245723	0.236566	0.556159
2021-07-29 06:13:45.000000 	-122.000000	56.564458	-154.180966	450.800004	-0.013344	-0.005786	-0.009420	0.306071	0.245252	0.450408	-0.175845	-0.017318	-0.000603	0.000146	0.224938	0.216554	0.509120
2021-07-29 06:13:46.000000 	-121.000000	56.564458	-154.180966	450.800004	-0.050537	-0.023485	0.040029	0.319222	0.255798	0.469772	-0.151735	-0.024443	-0.000870	0.064107	0.234606	0.225861	0.531006
2021-07-29 06:13:47.000000 	-120.000000	56.564458	-154.180966	450.800004	-0.015834	-0.010043	-0.006746	0.305600	0.244890	0.449736	-0.173422	-0.019262	0.002144	0.004634	0.224597	0.216224	0.508358
2021-07-29 06:13:48.000000 	-119.000000	56.564458	-154.180966	450.800004	-0.046061	-0.030020	0.037917	0.341451	0.273628	0.502506	-0.166008	-0.024620	0.006963	0.061692	0.250948	0.241592	0.568006
2021-07-29 06:13:49.000000 	-118.000000	56.564458	-154.180966	450.800004	-0.033002	-0.019947	-0.002040	0.333083	0.266931	0.490202	-0.181469	-0.033165	0.003582	0.019453	0.244801	0.235673	0.554098
2021-07-29 06:13:50.000000 	-117.000000	56.564458	-154.180966	450.800004	-0.027602	-0.011273	0.020188	0.258665	0.207299	0.380688	-0.132500	-0.013708	-0.001874	0.033243	0.190109	0.183019	0.430309
2021-07-29 06:13:51.000000 	-116.000000	56.564458	-154.180966	450.800004	-0.028097	-0.016579	0.004074	0.366191	0.293482	0.538950	-0.200123	-0.024887	0.002687	0.021315	0.269140	0.259102	0.609200
2021-07-29 06:13:52.000000 	-115.000000	56.564458	-154.180966	450.800004	-0.035015	-0.014147	0.013158	0.297119	0.238132	0.437301	-0.154988	-0.024195	-0.002515	0.031742	0.218377	0.210231	0.494301
2021-07-29 06:13:53.000000 	-114.000000	56.564458	-154.180966	450.800004	-0.033567	-0.010817	0.007497	0.312032	0.250092	0.459259	-0.166548	-0.025017	-0.004882	0.025501	0.229340	0.220784	0.519120
2021-07-29 06:13:54.000000 	-113.000000	56.564458	-154.180966	450.800004	-0.034343	-0.021582	0.035489	0.318984	0.255672	0.469502	-0.158301	-0.014088	0.004470	0.051829	0.234452	0.225705	0.530698
2021-07-29 06:13:55.000000 	-112.000000	56.564458	-154.180966	450.800004	-0.025450	-0.016004	-0.010887	0.342362	0.274418	0.503921	-0.192820	-0.030933	0.003322	0.007378	0.251638	0.242248	0.569603
2021-07-29 06:13:56.000000 	-111.000000	56.564458	-154.180966	450.800004	-0.040943	-0.016776	0.023690	0.315070	0.252551	0.463761	-0.159296	-0.023801	-0.002731	0.044103	0.231581	0.222939	0.524208
2021-07-29 06:13:57.000000 	-110.000000	56.564458	-154.180966	450.800004	-0.033941	-0.021490	0.019181	0.306758	0.245896	0.451535	-0.157751	-0.022738	0.004562	0.037998	0.225474	0.217058	0.510388
2021-07-29 06:13:58.000000 	-109.000000	56.564458	-154.180966	450.800004	-0.027869	-0.014835	0.005098	0.302340	0.242362	0.445041	-0.163110	-0.023518	0.001217	0.021637	0.222229	0.213934	0.503047
2021-07-29 06:13:59.000000 	-108.000000	56.564458	-154.180966	450.800004	-0.028752	-0.011789	0.003612	0.340381	0.272866	0.501049	-0.185733	-0.023893	-0.001910	0.020104	0.250194	0.240854	0.566354
2021-07-29 06:14:00.000000 	-107.000000	56.564458	-154.180966	450.800004	-0.037006	-0.015958	0.013226	0.298244	0.239094	0.439031	-0.154832	-0.026311	-0.001752	0.033221	0.219224	0.211039	0.496253
2021-07-29 06:14:01.000000 	-106.000000	56.564458	-154.180966	450.800004	-0.027435	-0.018728	0.009292	0.293770	0.235515	0.432455	-0.156239	-0.022297	0.004910	0.025856	0.215938	0.207875	0.488819
2021-07-29 06:14:02.000000 	-105.000000	56.564458	-154.180966	450.800004	-0.039303	-0.025182	0.024642	0.359239	0.288010	0.528841	-0.184032	-0.025099	0.005551	0.046102	0.264065	0.254203	0.597768
2021-07-29 06:14:03.000000 	-104.000000	56.564458	-154.180966	450.800004	-0.021193	-0.008620	-0.002145	0.334781	0.268411	0.492847	-0.187184	-0.020235	-0.001471	0.010790	0.246090	0.236898	0.557082
2021-07-29 06:14:04.000000 	-103.000000	56.564458	-154.180966	450.800004	-0.031598	-0.016688	0.019127	0.292703	0.234682	0.430910	-0.150880	-0.019263	0.001260	0.035639	0.215162	0.207124	0.487072
2021-07-29 06:14:05.000000 	-102.000000	56.564458	-154.180966	450.800004	-0.041205	-0.020150	0.028754	0.338636	0.271519	0.498543	-0.170545	-0.022433	0.000193	0.049268	0.248930	0.239630	0.563519
2021-07-29 06:14:06.000000 	-101.000000	56.564458	-154.180966	450.800004	-0.026977	-0.013601	-0.008655	0.246620	0.197746	0.363083	-0.136373	-0.029977	0.000494	0.009422	0.181291	0.174517	0.410404
2021-07-29 06:14:07.000000 	-100.000000	56.564458	-154.180966	450.800004	-0.018073	-0.014384	0.005707	0.394722	0.316509	0.581138	-0.218986	-0.015660	0.005077	0.017178	0.290165	0.279322	0.656877
2021-07-29 06:14:08.000000 	-99.000000	56.564458	-154.180966	450.800004	-0.041590	-0.013768	0.024621	0.280239	0.224718	0.412596	-0.138891	-0.022681	-0.005720	0.044479	0.206010	0.198311	0.466370
2021-07-29 06:14:09.000000 	-98.000000	56.564458	-154.180966	450.800004	-0.020696	-0.020552	-0.004971	0.340864	0.273340	0.501865	-0.190574	-0.025756	0.009487	0.011049	0.250580	0.241213	0.567271
2021-07-29 06:14:10.000000 	-97.000000	56.564458	-154.180966	450.800004	-0.044549	-0.022934	0.029459	0.295294	0.236804	0.434779	-0.143860	-0.025568	0.001242	0.052183	0.217082	0.208967	0.491442
2021-07-29 06:14:11.000000 	-96.000000	56.564458	-154.180966	450.800004	-0.020587	-0.016944	0.012649	0.331994	0.266244	0.488826	-0.179145	-0.014653	0.006287	0.024833	0.244065	0.234940	0.552532
2021-07-29 06:14:12.000000 	-95.000000	56.564458	-154.180966	450.800004	-0.034776	-0.018275	0.014833	0.286372	0.229665	0.421661	-0.147770	-0.024593	0.001305	0.034013	0.210529	0.202657	0.476614
2021-07-29 06:14:13.000000 	-94.000000	56.564458	-154.180966	450.800004	-0.028739	-0.004815	0.007292	0.346898	0.278215	0.510792	-0.188797	-0.019321	-0.008182	0.021495	0.255028	0.245491	0.577360
2021-07-29 06:14:14.000000 	-93.000000	56.564458	-154.180966	450.800004	-0.032448	-0.019697	0.017379	0.373771	0.299777	0.550372	-0.197847	-0.021958	0.003598	0.035323	0.274788	0.264511	0.622098
2021-07-29 06:14:15.000000 	-92.000000	56.564458	-154.180966	450.800004	-0.029691	-0.011644	0.006917	0.238929	0.191635	0.351827	-0.125557	-0.022724	-0.002450	0.023293	0.175658	0.169087	0.397677
2021-07-29 06:14:16.000000 	-91.000000	56.564458	-154.180966	450.800004	-0.028827	-0.026635	0.014243	0.373089	0.299249	0.549391	-0.198861	-0.023488	0.011421	0.032576	0.274293	0.264032	0.620987
2021-07-29 06:14:17.000000 	-90.000000	56.564458	-154.180966	450.800004	-0.046318	-0.013376	0.011439	0.289709	0.232378	0.426618	-0.147949	-0.033353	-0.008132	0.035729	0.212995	0.205026	0.482214
2021-07-29 06:14:18.000000 	-89.000000	56.564458	-154.180966	450.800004	-0.019924	-0.018210	0.021809	0.329312	0.264153	0.484947	-0.174031	-0.009569	0.007715	0.032452	0.242115	0.233055	0.548144
2021-07-29 06:14:19.000000 	-88.000000	56.564458	-154.180966	450.800004	-0.036530	-0.019127	0.003712	0.307579	0.246728	0.452952	-0.163631	-0.032348	0.001308	0.025807	0.226139	0.217677	0.511979
2021-07-29 06:14:20.000000 	-87.000000	56.564458	-154.180966	450.800004	-0.030155	-0.007665	0.003650	0.317730	0.254879	0.467910	-0.172668	-0.023427	-0.006233	0.019842	0.233605	0.224862	0.528886
2021-07-29 06:14:21.000000 	-86.000000	56.564458	-154.180966	450.800004	-0.026666	-0.021244	0.017229	0.328729	0.263711	0.484118	-0.173331	-0.018260	0.007510	0.032702	0.241696	0.232648	0.547206
2021-07-29 06:14:22.000000 	-85.000000	56.564458	-154.180966	450.800004	-0.028756	-0.018500	0.009118	0.320938	0.257469	0.472654	-0.171695	-0.023302	0.004129	0.026311	0.235970	0.227136	0.534247
2021-07-29 06:14:23.000000 	-84.000000	56.564458	-154.180966	450.800004	-0.036478	-0.009229	0.019088	0.313015	0.251121	0.460995	-0.162011	-0.020239	-0.007580	0.036237	0.230148	0.221531	0.521068
2021-07-29 06:14:24.000000 	-83.000000	56.564458	-154.180966	450.800004	-0.027631	-0.021417	0.000066	0.335846	0.269446	0.494629	-0.183730	-0.028504	0.007245	0.018900	0.246938	0.237691	0.559085
2021-07-29 06:14:25.000000 	-82.000000	56.564458	-154.180966	450.800004	-0.026793	-0.008843	0.021016	0.330892	0.265481	0.487344	-0.174398	-0.011761	-0.003709	0.032949	0.243299	0.234187	0.550850
2021-07-29 06:14:26.000000 	-81.000000	56.564458	-154.180966	450.800004	-0.038272	-0.024669	0.004636	0.278666	0.223586	0.410432	-0.145290	-0.035162	0.005538	0.028771	0.204901	0.197226	0.463916
2021-07-29 06:14:27.000000 	-80.000000	56.564458	-154.180966	450.800004	-0.031750	-0.013993	0.016704	0.330504	0.265187	0.486792	-0.173952	-0.019733	-0.001232	0.033045	0.243020	0.233917	0.550225
2021-07-29 06:14:28.000000 	-79.000000	56.564458	-154.180966	450.800004	-0.047500	-0.015393	0.037085	0.315772	0.253374	0.465104	-0.152718	-0.020843	-0.006832	0.058201	0.232191	0.223492	0.525710
2021-07-29 06:14:29.000000 	-78.000000	56.564458	-154.180966	450.800004	-0.023775	-0.009355	0.001556	0.352469	0.282829	0.519166	-0.195221	-0.020402	-0.001933	0.015336	0.259178	0.249467	0.586816
2021-07-29 06:14:30.000000 	-77.000000	56.564458	-154.180966	450.800004	-0.026964	-0.021975	0.005086	0.283850	0.227775	0.418102	-0.151875	-0.025440	0.008038	0.022892	0.208723	0.200902	0.472582
2021-07-29 06:14:31.000000 	-76.000000	56.564458	-154.180966	450.800004	-0.026759	-0.015431	0.007541	0.340486	0.273232	0.501536	-0.184526	-0.021555	0.002236	0.023268	0.250373	0.240990	0.566888
2021-07-29 06:14:32.000000 	-75.000000	56.564458	-154.180966	450.800004	-0.025162	-0.009955	0.007172	0.305426	0.245105	0.449902	-0.165454	-0.018568	-0.001997	0.020855	0.224595	0.216177	0.508525
2021-07-29 06:14:33.000000 	-74.000000	56.564458	-154.180966	450.800004	-0.040080	-0.018074	0.014861	0.325361	0.261111	0.479276	-0.168815	-0.028489	-0.001187	0.036618	0.239258	0.230289	0.541726
2021-07-29 06:14:34.000000 	-73.000000	56.564458	-154.180966	450.800004	-0.037739	-0.010064	0.017872	0.305284	0.245007	0.449710	-0.157570	-0.022160	-0.007377	0.036048	0.224497	0.216080	0.508308
2021-07-29 06:14:35.000000 	-72.000000	56.564458	-154.180966	450.800004	-0.025713	-0.020610	0.008749	0.331572	0.266113	0.488445	-0.178619	-0.021985	0.007354	0.025000	0.243832	0.234689	0.552089
2021-07-29 06:14:36.000000 	-71.000000	56.564458	-154.180966	450.800004	-0.037029	-0.023178	0.029697	0.327562	0.262903	0.482546	-0.164681	-0.019877	0.004737	0.048711	0.240886	0.231852	0.545421
2021-07-29 06:14:37.000000 	-70.000000	56.564458	-154.180966	450.800004	-0.016929	-0.008757	-0.004873	0.318853	0.255922	0.469727	-0.180269	-0.018585	0.000510	0.006432	0.234485	0.225690	0.530931
2021-07-29 06:14:38.000000 	-69.000000	56.564458	-154.180966	450.800004	-0.039799	-0.014883	0.009265	0.315818	0.253494	0.465264	-0.165839	-0.030202	-0.003936	0.031044	0.232256	0.223544	0.525886
2021-07-29 06:14:39.000000 	-68.000000	56.564458	-154.180966	450.800004	-0.019460	-0.016183	0.014470	0.318086	0.255323	0.468616	-0.170844	-0.012527	0.006092	0.025611	0.233927	0.225151	0.529674
2021-07-29 06:14:40.000000 	-67.000000	56.564458	-154.180966	450.800004	-0.036928	-0.019353	0.017283	0.307056	0.246477	0.452375	-0.158097	-0.025251	0.001338	0.037382	0.225819	0.217346	0.511316
2021-07-29 06:14:41.000000 	-66.000000	56.564458	-154.180966	450.800004	-0.038916	-0.014442	0.009969	0.341580	0.274199	0.503249	-0.180818	-0.028990	-0.003949	0.031087	0.251212	0.241786	0.568818
2021-07-29 06:14:42.000000 	-65.000000	56.564458	-154.180966	450.800004	-0.028739	-0.020719	0.010575	0.309994	0.248852	0.456721	-0.164587	-0.023293	0.006134	0.028052	0.227985	0.219429	0.516228
2021-07-29 06:14:43.000000 	-64.000000	56.564458	-154.180966	450.800004	-0.030915	-0.007853	0.030580	0.305210	0.245019	0.449682	-0.154744	-0.009228	-0.006395	0.042737	0.224470	0.216045	0.508271
2021-07-29 06:14:44.000000 	-63.000000	56.564458	-154.180966	450.800004	-0.031940	-0.020647	-0.002430	0.367460	0.295003	0.541409	-0.201846	-0.032837	0.004675	0.018769	0.270257	0.260112	0.611949
2021-07-29 06:14:45.000000 	-62.000000	56.564458	-154.180966	450.800004	-0.031426	-0.015031	0.007398	0.285854	0.229496	0.421181	-0.151706	-0.024994	-0.000157	0.025368	0.210241	0.202347	0.476055
2021-07-29 06:14:46.000000 	-61.000000	56.564458	-154.180966	450.800004	-0.032708	-0.014265	0.021916	0.296627	0.238153	0.437062	-0.152072	-0.017679	-0.001405	0.037935	0.218167	0.209975	0.494005
2021-07-29 06:14:47.000000 	-60.000000	56.564458	-154.180966	450.800004	-0.033579	-0.013522	0.016515	0.323376	0.259638	0.476486	-0.169464	-0.021039	-0.002452	0.033682	0.237844	0.228913	0.538564
2021-07-29 06:14:48.000000 	-59.000000	56.564458	-154.180966	450.800004	-0.035438	-0.018283	0.023375	0.319343	0.256408	0.470552	-0.163428	-0.020386	0.001024	0.041471	0.234881	0.226060	0.531857
2021-07-29 06:14:49.000000 	-58.000000	56.564458	-154.180966	450.800004	-0.026532	-0.017381	-0.009235	0.323026	0.259374	0.475988	-0.180634	-0.031337	0.004090	0.009624	0.237593	0.228669	0.538001
2021-07-29 06:14:50.000000 	-57.000000	56.564458	-154.180966	450.800004	-0.035883	-0.024826	0.021966	0.276713	0.222194	0.407753	-0.138382	-0.023875	0.006719	0.042086	0.203532	0.195886	0.460875
2021-07-29 06:14:51.000000 	-56.000000	56.564458	-154.180966	450.800004	-0.025597	-0.000058	0.001657	0.383022	0.307568	0.564417	-0.213221	-0.018337	-0.011096	0.014093	0.281730	0.271146	0.637949
2021-07-29 06:14:52.000000 	-55.000000	56.564458	-154.180966	450.800004	-0.033854	-0.027902	0.018187	0.318298	0.255602	0.469049	-0.164138	-0.025551	0.010372	0.038665	0.234126	0.225328	0.530156
2021-07-29 06:14:53.000000 	-54.000000	56.564458	-154.180966	450.800004	-0.034387	-0.015581	0.000142	0.295118	0.236997	0.434900	-0.158849	-0.031417	-0.000951	0.020913	0.217079	0.208921	0.491558
2021-07-29 06:14:54.000000 	-53.000000	56.564458	-154.180966	450.800004	-0.029380	-0.014013	0.027465	0.301023	0.241746	0.443610	-0.153414	-0.012030	-0.000182	0.040855	0.221426	0.213103	0.501402
2021-07-29 06:14:55.000000 	-52.000000	56.564458	-154.180966	450.800004	-0.035970	-0.017774	0.015880	0.305402	0.245271	0.450072	-0.158164	-0.024731	0.000334	0.035359	0.224650	0.216205	0.508704
2021-07-29 06:14:56.000000 	-51.000000	56.564458	-154.180966	450.800004	-0.027883	-0.006691	0.007332	0.354357	0.284597	0.522228	-0.193244	-0.019338	-0.006121	0.021553	0.260665	0.250865	0.590261
2021-07-29 06:14:57.000000 	-50.000000	56.564458	-154.180966	450.800004	-0.030640	-0.015856	0.010258	0.304226	0.244343	0.448356	-0.161414	-0.023127	0.000929	0.027563	0.223791	0.215377	0.506764
2021-07-29 06:14:58.000000 	-49.000000	56.564458	-154.180966	450.800004	-0.038075	-0.023722	0.014498	0.320043	0.257055	0.471676	-0.165863	-0.029235	0.004771	0.036677	0.235430	0.226577	0.533121
2021-07-29 06:14:59.000000 	-48.000000	56.564458	-154.180966	450.800004	-0.022322	-0.012646	0.006883	0.295288	0.237180	0.435202	-0.160278	-0.017572	0.001661	0.019850	0.217223	0.209054	0.491895
2021-07-29 06:15:00.000000 	-47.000000	56.564458	-154.180966	450.800004	-0.048559	-0.017446	0.034278	0.311759	0.250418	0.459485	-0.151018	-0.023931	-0.005444	0.056877	0.229343	0.220717	0.519341
2021-07-29 06:15:01.000000 	-46.000000	56.564458	-154.180966	450.800004	-0.019489	-0.016057	0.002805	0.317746	0.255236	0.468318	-0.175226	-0.018931	0.005966	0.015861	0.233751	0.224957	0.529324
2021-07-29 06:15:02.000000 	-45.000000	56.564458	-154.180966	450.800004	-0.042413	-0.015691	0.031247	0.295263	0.237184	0.435190	-0.144671	-0.020347	-0.004347	0.050878	0.217215	0.209042	0.491880
2021-07-29 06:15:03.000000 	-44.000000	56.564458	-154.180966	450.800004	-0.022542	-0.012257	-0.011698	0.344205	0.276508	0.507336	-0.195578	-0.027834	0.001216	0.004360	0.253223	0.243695	0.573423
2021-07-29 06:15:04.000000 	-43.000000	56.564458	-154.180966	450.800004	-0.032907	-0.020035	0.026052	0.321021	0.257893	0.473174	-0.163910	-0.017647	0.003703	0.042871	0.236171	0.227283	0.534810
2021-07-29 06:15:05.000000 	-42.000000	56.564458	-154.180966	450.800004	-0.035587	-0.016221	0.018675	0.289696	0.232735	0.427010	-0.148300	-0.022339	-0.000897	0.037128	0.213129	0.205107	0.482633
2021-07-29 06:15:06.000000 	-41.000000	56.564458	-154.180966	450.800004	-0.035804	-0.016331	0.010070	0.328229	0.263701	0.483817	-0.173827	-0.027283	-0.000893	0.030081	0.241481	0.232391	0.546838
2021-07-29 06:15:07.000000 	-40.000000	56.564458	-154.180966	450.800004	-0.030155	-0.022337	0.015569	0.335017	0.269163	0.493831	-0.176597	-0.022192	0.006974	0.033310	0.246479	0.237199	0.558157
2021-07-29 06:15:08.000000 	-39.000000	56.564458	-154.180966	450.800004	-0.027560	-0.018431	0.006273	0.307791	0.247297	0.453708	-0.165614	-0.023945	0.004588	0.023327	0.226451	0.217925	0.512807
2021-07-29 06:15:09.000000 	-38.000000	56.564458	-154.180966	450.800004	-0.028823	-0.010495	0.013208	0.345468	0.277579	0.509256	-0.185228	-0.018189	-0.003106	0.027836	0.254175	0.244604	0.575590
2021-07-29 06:15:10.000000 	-37.000000	56.564458	-154.180966	450.800004	-0.038955	-0.014440	0.017373	0.307563	0.247131	0.453389	-0.158344	-0.024939	-0.003967	0.037285	0.226290	0.217768	0.512445
2021-07-29 06:15:11.000000 	-36.000000	56.564458	-154.180966	450.800004	-0.034324	-0.015040	0.009235	0.306766	0.246499	0.452224	-0.162305	-0.026162	-0.001411	0.028341	0.225708	0.217206	0.511127
2021-07-29 06:15:12.000000 	-35.000000	56.564458	-154.180966	450.800004	-0.033653	-0.018652	0.017299	0.317921	0.255470	0.468676	-0.165480	-0.022528	0.002133	0.035604	0.233918	0.225107	0.529722
2021-07-29 06:15:13.000000 	-34.000000	56.564458	-154.180966	450.800004	-0.032781	-0.012017	0.022588	0.317126	0.254841	0.467514	-0.163925	-0.016546	-0.003460	0.037993	0.233338	0.224546	0.528408
2021-07-29 06:15:14.000000 	-33.000000	56.564458	-154.180966	450.800004	-0.022475	-0.018176	-0.004539	0.336243	0.270212	0.495705	-0.187656	-0.025990	0.006573	0.011721	0.247407	0.238085	0.560270
2021-07-29 06:15:15.000000 	-32.000000	56.564458	-154.180966	450.800004	-0.038142	-0.016039	0.022397	0.297747	0.239284	0.438961	-0.150811	-0.022141	-0.002174	0.041457	0.219085	0.210829	0.496134
2021-07-29 06:15:16.000000 	-31.000000	56.564458	-154.180966	450.800004	-0.032842	-0.012342	0.024346	0.335135	0.269340	0.494091	-0.173603	-0.015742	-0.003194	0.039568	0.246599	0.237305	0.558444
2021-07-29 06:15:17.000000 	-30.000000	56.564458	-154.180966	450.800004	-0.038729	-0.021054	0.009887	0.301394	0.242231	0.444355	-0.156947	-0.031297	0.002085	0.032513	0.221776	0.213416	0.502230
2021-07-29 06:15:18.000000 	-29.000000	56.564458	-154.180966	450.800004	-0.031547	-0.016520	0.017795	0.296097	0.237982	0.436553	-0.153519	-0.019897	0.001131	0.034462	0.217881	0.209667	0.493411
2021-07-29 06:15:19.000000 	-28.000000	56.564458	-154.180966	450.800004	-0.030891	-0.015048	-0.004421	0.380738	0.306020	0.561355	-0.211298	-0.031111	0.000091	0.015244	0.280168	0.269605	0.634467
2021-07-29 06:15:20.000000 	-27.000000	56.564458	-154.180966	450.800004	-0.026600	-0.022055	0.023959	0.291353	0.234185	0.429576	-0.149123	-0.014797	0.008268	0.038480	0.214398	0.206313	0.485524
2021-07-29 06:15:21.000000 	-26.000000	56.564458	-154.180966	450.800004	-0.040652	-0.013037	0.017063	0.318671	0.256152	0.469863	-0.164555	-0.025875	-0.005969	0.037531	0.234504	0.225660	0.531058
2021-07-29 06:15:22.000000 	-25.000000	56.564458	-154.180966	450.800004	-0.022652	-0.015692	-0.001606	0.298218	0.239719	0.439715	-0.164815	-0.023604	0.004260	0.013661	0.219456	0.211179	0.496982
2021-07-29 06:15:23.000000 	-24.000000	56.564458	-154.180966	450.800004	-0.037647	-0.018500	0.016912	0.329115	0.264564	0.485280	-0.170985	-0.025686	0.000257	0.037225	0.242196	0.233060	0.548481
2021-07-29 06:15:24.000000 	-23.000000	56.564458	-154.180966	450.800004	-0.038667	-0.019562	0.022667	0.317492	0.255230	0.468151	-0.161624	-0.023667	0.000769	0.042788	0.233647	0.224832	0.529121
2021-07-29 06:15:25.000000 	-22.000000	56.564458	-154.180966	450.800004	-0.022074	-0.006904	0.001703	0.334962	0.269283	0.493921	-0.185899	-0.018153	-0.003399	0.014027	0.246507	0.237206	0.558245
2021-07-29 06:15:26.000000 	-21.000000	56.564458	-154.180966	450.800004	-0.049985	-0.023899	0.022795	0.275871	0.221786	0.406795	-0.133423	-0.033675	-0.000256	0.049550	0.203024	0.195362	0.459773
2021-07-29 06:15:27.000000 	-20.000000	56.564458	-154.180966	450.800004	-0.022784	-0.013495	0.019275	0.349528	0.281012	0.515418	-0.186602	-0.011399	0.002225	0.030624	0.257235	0.247526	0.582541
2021-07-29 06:15:28.000000 	-19.000000	56.564458	-154.180966	450.800004	-0.032965	-0.009321	0.021263	0.307567	0.247285	0.453550	-0.159158	-0.016435	-0.005967	0.036331	0.226357	0.217813	0.512615
2021-07-29 06:15:29.000000 	-18.000000	56.564458	-154.180966	450.800004	-0.038979	-0.018411	0.026746	0.330520	0.265748	0.487408	-0.167634	-0.021235	-0.000403	0.046071	0.243254	0.234071	0.550882
2021-07-29 06:15:30.000000 	-17.000000	56.564458	-154.180966	450.800004	-0.014220	-0.017844	-0.015886	0.326045	0.262159	0.480817	-0.188402	-0.025921	0.009869	-0.001922	0.239964	0.230904	0.543431
2021-07-29 06:15:31.000000 	-16.000000	56.564458	-154.180966	450.800004	-0.042114	-0.009383	0.016279	0.310810	0.249918	0.458358	-0.160228	-0.026077	-0.009896	0.036724	0.228755	0.220117	0.518048
2021-07-29 06:15:32.000000 	-15.000000	56.564458	-154.180966	450.800004	-0.039266	-0.016327	0.024026	0.321911	0.258853	0.474738	-0.163851	-0.022192	-0.002404	0.043443	0.236929	0.227981	0.536560
2021-07-29 06:15:33.000000 	-14.000000	56.564458	-154.180966	450.800004	-0.027278	-0.015510	0.008706	0.320520	0.257743	0.472695	-0.172514	-0.021332	0.002082	0.024517	0.235909	0.226999	0.534250
2021-07-29 06:15:34.000000 	-13.000000	56.564458	-154.180966	450.800004	-0.042241	-0.018692	0.030322	0.328885	0.264479	0.485041	-0.164322	-0.021818	-0.001571	0.050741	0.242070	0.232926	0.548203
2021-07-29 06:15:35.000000 	-12.000000	56.564458	-154.180966	450.800004	-0.019090	-0.023453	-0.000046	0.312531	0.251336	0.460931	-0.172576	-0.022890	0.012797	0.015058	0.230037	0.221346	0.520953
2021-07-29 06:15:36.000000 	-11.000000	56.564458	-154.180966	450.800004	-0.041086	-0.005894	0.006205	0.339633	0.273140	0.500911	-0.181405	-0.029587	-0.012589	0.026971	0.249989	0.240543	0.566138
2021-07-29 06:15:37.000000 	-10.000000	56.564458	-154.180966	450.800004	-0.024917	-0.017281	0.009476	0.323023	0.259791	0.476423	-0.174142	-0.019777	0.004703	0.024414	0.237768	0.228782	0.538460
2021-07-29 06:15:38.000000 	-9.000000	56.564458	-154.180966	450.800004	-0.030436	-0.018893	0.019722	0.295638	0.237775	0.436041	-0.152600	-0.018864	0.003751	0.036088	0.217614	0.209389	0.492820
2021-07-29 06:15:39.000000 	-8.000000	56.564458	-154.180966	450.800004	-0.044966	-0.014962	0.024099	0.330926	0.266166	0.488097	-0.167504	-0.025938	-0.006116	0.046004	0.243593	0.234385	0.551653
2021-07-29 06:15:40.000000 	-7.000000	56.564458	-154.180966	450.800004	-0.023992	-0.016604	0.002219	0.313961	0.252529	0.463083	-0.172024	-0.022835	0.004497	0.017737	0.231109	0.222371	0.523381
2021-07-29 06:15:41.000000 	-6.000000	56.564458	-154.180966	450.800004	-0.050190	-0.019437	0.028466	0.315116	0.253467	0.464795	-0.154590	-0.029083	-0.004363	0.053313	0.231963	0.223192	0.525315
2021-07-29 06:15:42.000000 	-5.000000	56.564458	-154.180966	450.800004	-0.027285	-0.017109	0.017871	0.328506	0.264247	0.484555	-0.173427	-0.016868	0.003518	0.032552	0.241824	0.232679	0.547647
2021-07-29 06:15:43.000000 	-4.000000	56.564458	-154.180966	450.800004	-0.027621	-0.005704	0.011702	0.301122	0.242228	0.444171	-0.161067	-0.016374	-0.006895	0.024834	0.221670	0.213286	0.502005
2021-07-29 06:15:44.000000 	-3.000000	56.564458	-154.180966	450.800004	-0.033448	-0.018526	-0.006894	0.321253	0.258430	0.473874	-0.176661	-0.035658	0.002109	0.015283	0.236493	0.227547	0.535574
2021-07-29 06:15:45.000000 	-2.000000	56.564458	-154.180966	450.800004	-0.030458	-0.013687	0.019721	0.315796	0.254049	0.465833	-0.164841	-0.016988	-0.000945	0.034849	0.232480	0.223685	0.526486
2021-07-29 06:15:46.000000 	-1.000000	56.564458	-154.180966	450.800004	-0.036126	-0.012881	0.016199	0.327443	0.263428	0.483022	-0.171390	-0.022894	-0.004139	0.034528	0.241058	0.231937	0.545912
2021-07-29 06:15:47.000000 	0.000000	56.564458	-154.180966	450.800004	-0.030994	-0.020586	0.016328	0.330465	0.265869	0.487489	-0.173736	-0.021768	0.005032	0.033938	0.243287	0.234081	0.550960
2021-07-29 06:15:48.000000 	1.000000	56.564458	-154.180966	450.800004	-0.033991	-0.023541	0.025511	0.288311	0.231962	0.425312	-0.144559	-0.020033	0.006387	0.043797	0.212256	0.204223	0.480687
2021-07-29 06:15:49.000000 	2.000000	56.564458	-154.180966	450.800004	-0.036506	-0.006662	0.010573	0.333828	0.268592	0.492468	-0.177738	-0.024019	-0.009903	0.028529	0.245771	0.236468	0.556585
2021-07-29 06:15:50.000000 	3.000000	56.564458	-154.180966	450.800004	-0.029516	-0.009250	0.024109	0.313565	0.252298	0.462584	-0.162548	-0.012250	-0.004529	0.036979	0.230857	0.222117	0.522810
2021-07-29 06:15:51.000000 	4.000000	56.564458	-154.180966	450.800004	-0.030314	-0.024935	0.008157	0.290914	0.234081	0.429176	-0.153613	-0.027341	0.009243	0.027827	0.214184	0.206075	0.485052
2021-07-29 06:15:52.000000 	5.000000	56.564458	-154.180966	450.800004	-0.038614	-0.019108	0.011840	0.352117	0.283337	0.519476	-0.185963	-0.029428	0.000383	0.033618	0.259248	0.249432	0.587107
2021-07-29 06:15:53.000000 	6.000000	56.564458	-154.180966	450.800004	-0.025366	-0.009982	0.003111	0.327691	0.263691	0.483449	-0.179985	-0.020969	-0.002062	0.017573	0.241269	0.232132	0.546389
2021-07-29 06:15:54.000000 	7.000000	56.564458	-154.180966	450.800004	-0.037561	-0.008395	0.019927	0.274313	0.220746	0.404707	-0.139198	-0.020288	-0.008802	0.037274	0.201972	0.194322	0.457395
2021-07-29 06:15:55.000000 	8.000000	56.564458	-154.180966	450.800004	-0.029643	-0.017797	0.023378	0.342163	0.275356	0.504819	-0.178468	-0.015855	0.003110	0.038483	0.251933	0.242390	0.570540
2021-07-29 06:15:56.000000 	9.000000	56.564458	-154.180966	450.800004	-0.033551	-0.014327	0.008482	0.307892	0.247785	0.454264	-0.163649	-0.025737	-0.001715	0.027158	0.226703	0.218115	0.513402
2021-07-29 06:15:57.000000 	10.000000	56.564458	-154.180966	450.800004	-0.033502	-0.013018	0.010098	0.311277	0.250518	0.459266	-0.165152	-0.024334	-0.002873	0.028168	0.229200	0.220515	0.519055
2021-07-29 06:15:58.000000 	11.000000	56.564458	-154.180966	450.800004	-0.038254	-0.028266	0.026594	0.353174	0.284247	0.521093	-0.179956	-0.024356	0.008783	0.047950	0.260055	0.250200	0.588930
2021-07-29 06:15:59.000000 	12.000000	56.564458	-154.180966	450.800004	-0.023669	-0.011672	0.004970	0.340584	0.274124	0.502526	-0.187045	-0.019284	0.000198	0.018688	0.250788	0.241283	0.567944
2021-07-29 06:16:00.000000 	13.000000	56.564458	-154.180966	450.800004	-0.031317	-0.008391	0.011030	0.259733	0.209057	0.383239	-0.136063	-0.020498	-0.006087	0.026751	0.191257	0.184008	0.433128
2021-07-29 06:16:01.000000 	14.000000	56.564458	-154.180966	450.800004	-0.034632	-0.015356	0.019005	0.332237	0.267424	0.490227	-0.173300	-0.021125	-0.001260	0.036722	0.244651	0.235376	0.554043
2021-07-29 06:16:02.000000 	15.000000	56.564458	-154.180966	450.800004	-0.029154	-0.022975	0.010703	0.286178	0.230358	0.422273	-0.150516	-0.024354	0.007984	0.028905	0.210737	0.202747	0.477242
2021-07-29 06:16:03.000000 	16.000000	56.564458	-154.180966	450.800004	-0.038446	-0.012933	0.019768	0.316272	0.254591	0.466686	-0.162897	-0.022689	-0.005103	0.038669	0.232902	0.224071	0.527436
2021-07-29 06:16:04.000000 	17.000000	56.564458	-154.180966	450.800004	-0.026092	-0.018946	0.006366	0.315713	0.254150	0.465871	-0.170649	-0.022978	0.005690	0.022801	0.232495	0.223678	0.526514
2021-07-29 06:16:05.000000 	18.000000	56.564458	-154.180966	450.800004	-0.030427	-0.014898	0.000315	0.326996	0.263242	0.482528	-0.178682	-0.028098	0.000159	0.018930	0.240808	0.231674	0.545338
2021-07-29 06:16:06.000000 	19.000000	56.564458	-154.180966	450.800004	-0.038977	-0.014092	0.028207	0.311119	0.250470	0.459108	-0.156370	-0.018860	-0.004290	0.046253	0.229121	0.220429	0.518870
2021-07-29 06:16:07.000000 	20.000000	56.564458	-154.180966	450.800004	-0.034719	-0.017804	0.018206	0.349096	0.281053	0.515159	-0.183096	-0.022521	0.000906	0.036686	0.257093	0.247339	0.582215
2021-07-29 06:16:08.000000 	21.000000	56.564458	-154.180966	450.800004	-0.041237	-0.027279	0.016542	0.284659	0.229183	0.420076	-0.143296	-0.031777	0.006596	0.040804	0.209641	0.201687	0.474755
2021-07-29 06:16:09.000000 	22.000000	56.564458	-154.180966	450.800004	-0.025504	-0.010079	0.007188	0.382095	0.307642	0.563875	-0.209854	-0.018861	-0.002035	0.021067	0.281405	0.270726	0.637271
2021-07-29 06:16:10.000000 	23.000000	56.564458	-154.180966	450.800004	-0.034164	-0.014302	0.004557	0.282904	0.227787	0.417502	-0.150489	-0.028351	-0.002005	0.024180	0.208357	0.200449	0.471845
2021-07-29 06:16:11.000000 	24.000000	56.564458	-154.180966	450.800004	-0.031345	-0.021796	0.021742	0.320290	0.257898	0.472684	-0.165569	-0.019489	0.005969	0.038921	0.235896	0.226941	0.534208
2021-07-29 06:16:12.000000 	25.000000	56.564458	-154.180966	450.800004	-0.036651	-0.012520	0.023239	0.312292	0.251467	0.460888	-0.159842	-0.019278	-0.004692	0.040576	0.230009	0.221277	0.520877
2021-07-29 06:16:13.000000 	26.000000	56.564458	-154.180966	450.800004	-0.023173	-0.008033	0.007541	0.361089	0.290770	0.532914	-0.198445	-0.016172	-0.002861	0.019715	0.265954	0.255856	0.602276
2021-07-29 06:16:14.000000 	27.000000	56.564458	-154.180966	450.800004	-0.035003	-0.025966	0.008593	0.262618	0.211483	0.387591	-0.135527	-0.030997	0.008130	0.030763	0.193430	0.186085	0.438038
2021-07-29 06:16:15.000000 	28.000000	56.564458	-154.180966	450.800004	-0.036295	-0.017727	0.020943	0.326257	0.262739	0.481523	-0.168390	-0.022168	0.000149	0.039733	0.240308	0.231181	0.544194
2021-07-29 06:16:16.000000 	29.000000	56.564458	-154.180966	450.800004	-0.029549	-0.005492	0.010005	0.317914	0.256030	0.469219	-0.170975	-0.018681	-0.007926	0.024323	0.234167	0.225272	0.530288
2021-07-29 06:16:17.000000 	30.000000	56.564458	-154.180966	450.800004	-0.033509	-0.014972	0.020180	0.355670	0.286446	0.524952	-0.186810	-0.019494	-0.001116	0.037053	0.261982	0.252029	0.593274
2021-07-29 06:16:18.000000 	31.000000	56.564458	-154.180966	450.800004	-0.029824	-0.015359	0.020686	0.271029	0.218287	0.400033	-0.138641	-0.016588	0.000836	0.035741	0.199640	0.192055	0.452096
2021-07-29 06:16:19.000000 	32.000000	56.564458	-154.180966	450.800004	-0.031407	-0.016116	0.011225	0.309195	0.249035	0.456373	-0.163854	-0.023266	0.000829	0.028813	0.227758	0.219103	0.515768
2021-07-29 06:16:20.000000 	33.000000	56.564458	-154.180966	450.800004	-0.040215	-0.022365	0.019216	0.328392	0.264505	0.484716	-0.168633	-0.027750	0.002618	0.041349	0.241902	0.232709	0.547799
2021-07-29 06:16:21.000000 	34.000000	56.564458	-154.180966	450.800004	-0.028435	-0.018636	0.006784	0.331243	0.266812	0.488933	-0.178893	-0.024396	0.004391	0.024237	0.244007	0.234733	0.552564
2021-07-29 06:16:22.000000 	35.000000	56.564458	-154.180966	450.800004	-0.037215	-0.011067	0.005489	0.285469	0.229950	0.421376	-0.151059	-0.028953	-0.006246	0.025694	0.210293	0.202298	0.476214
2021-07-29 06:16:23.000000 	36.000000	56.564458	-154.180966	450.800004	-0.034678	-0.019460	0.033639	0.357069	0.287635	0.527073	-0.181542	-0.014588	0.002414	0.049942	0.263042	0.253041	0.595665
2021-07-29 06:16:24.000000 	37.000000	56.564458	-154.180966	450.800004	-0.020730	-0.011686	-0.003511	0.264362	0.212962	0.390233	-0.147083	-0.021754	0.001491	0.010156	0.194751	0.187345	0.441017
2021-07-29 06:16:25.000000 	38.000000	56.564458	-154.180966	450.800004	-0.041647	-0.012906	0.018470	0.368261	0.296671	0.543611	-0.192632	-0.025800	-0.006521	0.039167	0.271297	0.260979	0.614354
2021-07-29 06:16:26.000000 	39.000000	56.564458	-154.180966	450.800004	-0.029292	-0.012047	0.014867	0.332397	0.267789	0.490680	-0.176939	-0.018191	-0.001913	0.029826	0.244881	0.235566	0.554533
2021-07-29 06:16:27.000000 	40.000000	56.564458	-154.180966	450.800004	-0.037180	-0.021525	0.036183	0.267495	0.215510	0.394879	-0.127706	-0.015816	0.003183	0.053802	0.197071	0.189574	0.446265
2021-07-29 06:16:28.000000 	41.000000	56.564458	-154.180966	450.800004	-0.028056	-0.019058	-0.006449	0.370644	0.298623	0.547158	-0.206786	-0.031556	0.004936	0.013107	0.273068	0.262679	0.618359
2021-07-29 06:16:29.000000 	42.000000	56.564458	-154.180966	450.800004	-0.037371	-0.017057	0.012581	0.301251	0.242722	0.444725	-0.156888	-0.027341	-0.000922	0.033128	0.221948	0.213502	0.502596
2021-07-29 06:16:30.000000 	43.000000	56.564458	-154.180966	450.800004	-0.029351	-0.007212	0.007717	0.303985	0.244934	0.448769	-0.163727	-0.020418	-0.006292	0.022728	0.223966	0.215443	0.507166
2021-07-29 06:16:31.000000 	44.000000	56.564458	-154.180966	450.800004	-0.036722	-0.021680	0.034789	0.296102	0.238591	0.437139	-0.144979	-0.016297	0.003523	0.052448	0.218163	0.209859	0.494022
2021-07-29 06:16:32.000000 	45.000000	56.564458	-154.180966	450.800004	-0.029884	-0.010418	0.006425	0.333854	0.269020	0.492880	-0.181044	-0.022695	-0.003637	0.022684	0.245982	0.236618	0.557015
2021-07-29 06:16:33.000000 	46.000000	56.564458	-154.180966	450.800004	-0.032478	-0.018296	0.018698	0.306421	0.246923	0.452388	-0.158859	-0.020744	0.002325	0.036103	0.225774	0.217178	0.511253
2021-07-29 06:16:34.000000 	47.000000	56.564458	-154.180966	450.800004	-0.035566	-0.010853	0.007466	0.333377	0.268655	0.492193	-0.178662	-0.026548	-0.005721	0.026475	0.245640	0.236287	0.556237
2021-07-29 06:16:35.000000 	48.000000	56.564458	-154.180966	450.800004	-0.032211	-0.020208	0.029827	0.282437	0.227612	0.416993	-0.140478	-0.015107	0.004162	0.045717	0.208110	0.200185	0.471251
2021-07-29 06:16:36.000000 	49.000000	56.564458	-154.180966	450.800004	-0.036151	-0.013881	0.011693	0.328690	0.264897	0.485291	-0.173863	-0.025759	-0.003250	0.031020	0.242196	0.232972	0.548434
2021-07-29 06:16:37.000000 	50.000000	56.564458	-154.180966	450.800004	-0.028416	-0.009607	0.008336	0.311869	0.251349	0.460463	-0.168111	-0.020245	-0.003728	0.023355	0.229806	0.221052	0.520375
2021-07-29 06:16:38.000000 	51.000000	56.564458	-154.180966	450.800004	-0.030376	-0.020651	0.008884	0.331307	0.267025	0.489171	-0.177388	-0.025430	0.005360	0.027436	0.244134	0.234833	0.552818
2021-07-29 06:16:39.000000 	52.000000	56.564458	-154.180966	450.800004	-0.036400	-0.023903	0.025410	0.304089	0.245097	0.448991	-0.153139	-0.022030	0.005663	0.044995	0.224082	0.215544	0.507409
2021-07-29 06:16:40.000000 	53.000000	56.564458	-154.180966	450.800004	-0.031904	-0.002098	0.011180	0.280216	0.225863	0.413750	-0.148358	-0.018569	-0.012006	0.025658	0.206494	0.198625	0.467582
2021-07-29 06:16:41.000000 	54.000000	56.564458	-154.180966	450.800004	-0.044544	-0.022620	0.036144	0.338157	0.272575	0.499310	-0.166504	-0.021768	0.000962	0.057684	0.249196	0.239698	0.564273
2021-07-29 06:16:42.000000 	55.000000	56.564458	-154.180966	450.800004	-0.019063	-0.012369	-0.010197	0.332788	0.268257	0.491391	-0.189649	-0.024435	0.002832	0.003914	0.245244	0.235896	0.555322
2021-07-29 06:16:43.000000 	56.000000	56.564458	-154.180966	450.800004	-0.034719	-0.018378	0.017805	0.309668	0.249630	0.457260	-0.160454	-0.022949	0.001422	0.036489	0.228211	0.219511	0.516751
2021-07-29 06:16:44.000000 	57.000000	56.564458	-154.180966	450.800004	-0.039891	-0.012863	0.029881	0.324683	0.261742	0.479439	-0.163533	-0.018177	-0.005795	0.047809	0.239281	0.230157	0.541813
2021-07-29 06:16:45.000000 	58.000000	56.564458	-154.180966	450.800004	-0.028925	-0.015218	0.003488	0.300931	0.242604	0.444374	-0.162901	-0.025337	0.001101	0.020909	0.221781	0.213324	0.502186
2021-07-29 06:16:46.000000 	59.000000	56.564458	-154.180966	450.800004	-0.030238	-0.019679	0.000950	0.358365	0.288916	0.529193	-0.196250	-0.029344	0.004545	0.020513	0.264114	0.254041	0.598039
2021-07-29 06:16:47.000000 	60.000000	56.564458	-154.180966	450.800004	-0.040689	-0.017316	0.026328	0.292755	0.236030	0.432315	-0.145718	-0.022352	-0.002134	0.046308	0.215764	0.207534	0.488557
2021-07-29 06:16:48.000000 	61.000000	56.564458	-154.180966	450.800004	-0.027820	-0.010653	0.009225	0.295351	0.238131	0.436155	-0.158305	-0.019688	-0.002527	0.024054	0.217681	0.209377	0.492895
2021-07-29 06:16:49.000000 	62.000000	56.564458	-154.180966	450.800004	-0.033805	-0.019921	0.026392	0.314364	0.253470	0.464241	-0.159950	-0.018093	0.003209	0.043572	0.231699	0.222859	0.524634
2021-07-29 06:16:50.000000 	63.000000	56.564458	-154.180966	450.800004	-0.034517	-0.008260	0.020179	0.352192	0.283981	0.520113	-0.185274	-0.017813	-0.007598	0.035942	0.259585	0.249680	0.587773
2021-07-29 06:16:51.000000 	64.000000	56.564458	-154.180966	450.800004	-0.045105	-0.023057	0.003543	0.284762	0.229618	0.420539	-0.147581	-0.040311	0.001111	0.030861	0.209889	0.201879	0.475245
2021-07-29 06:16:52.000000 	65.000000	56.564458	-154.180966	450.800004	-0.022775	-0.008003	0.012576	0.354518	0.285877	0.523565	-0.192922	-0.013088	-0.002715	0.023711	0.261310	0.251336	0.591673
2021-07-29 06:16:53.000000 	66.000000	56.564458	-154.180966	450.800004	-0.027629	-0.017013	0.006504	0.297020	0.239520	0.438657	-0.159688	-0.023354	0.003281	0.023214	0.218934	0.210576	0.495719
2021-07-29 06:16:54.000000 	67.000000	56.564458	-154.180966	450.800004	-0.036820	-0.010194	0.022906	0.304321	0.245416	0.449446	-0.155645	-0.018743	-0.006859	0.039824	0.224319	0.215755	0.507910
2021-07-29 06:16:55.000000 	68.000000	56.564458	-154.180966	450.800004	-0.030455	-0.024934	0.021540	0.300034	0.241968	0.443122	-0.153903	-0.020072	0.009181	0.039064	0.221164	0.212718	0.500763
2021-07-29 06:16:56.000000 	69.000000	56.564458	-154.180966	450.800004	-0.044659	-0.016326	0.010552	0.327599	0.264208	0.483842	-0.170879	-0.033668	-0.004755	0.034874	0.241488	0.232265	0.546779
2021-07-29 06:16:57.000000 	70.000000	56.564458	-154.180966	450.800004	-0.034308	-0.015369	0.028555	0.298745	0.240946	0.441234	-0.150426	-0.015624	-0.001107	0.044534	0.220223	0.211811	0.498627
2021-07-29 06:16:58.000000 	71.000000	56.564458	-154.180966	450.800004	-0.031854	-0.015857	0.006971	0.337088	0.271880	0.497872	-0.181644	-0.025851	0.000400	0.025422	0.248492	0.239000	0.562631
2021-07-29 06:16:59.000000 	72.000000	56.564458	-154.180966	450.800004	-0.032921	-0.015592	0.024658	0.316876	0.255588	0.468028	-0.162838	-0.016811	-0.000303	0.040647	0.233598	0.224673	0.528905
2021-07-29 06:17:00.000000 	73.000000	56.564458	-154.180966	450.800004	-0.034796	-0.023862	0.027953	0.324582	0.261813	0.479418	-0.164557	-0.019409	0.006325	0.046312	0.239284	0.230140	0.541775
2021-07-29 06:17:01.000000 	74.000000	56.564458	-154.180966	450.800004	-0.026141	-0.006840	0.004083	0.308060	0.248495	0.455021	-0.168533	-0.019874	-0.005228	0.018015	0.227108	0.218428	0.514204
2021-07-29 06:17:02.000000 	75.000000	56.564458	-154.180966	450.800004	-0.041581	-0.015023	0.027782	0.308466	0.248831	0.455628	-0.154288	-0.021388	-0.004587	0.047413	0.227412	0.218720	0.514889
2021-07-29 06:17:03.000000 	76.000000	56.564458	-154.180966	450.800004	-0.016177	-0.016246	0.006717	0.287603	0.232010	0.424819	-0.157474	-0.014356	0.007578	0.017528	0.212035	0.203930	0.480072
2021-07-29 06:17:04.000000 	77.000000	56.564458	-154.180966	450.800004	-0.027746	-0.004592	0.037840	0.368159	0.297006	0.543818	-0.189730	-0.001662	-0.007951	0.046442	0.271431	0.261054	0.614547
2021-07-29 06:17:05.000000 	78.000000	56.564458	-154.180966	450.800004	-0.018077	-0.023604	-0.000338	0.306452	0.247234	0.452675	-0.169663	-0.022345	0.013374	0.014349	0.225941	0.217302	0.511549
2021-07-29 06:17:06.000000 	79.000000	56.564458	-154.180966	450.800004	-0.042113	-0.013731	0.037906	0.325476	0.262591	0.480785	-0.160164	-0.015740	-0.005982	0.055816	0.239972	0.230795	0.543314
2021-07-29 06:17:07.000000 	80.000000	56.564458	-154.180966	450.800004	-0.026468	-0.000464	0.023845	0.308923	0.249245	0.456340	-0.161803	-0.006913	-0.011110	0.033139	0.227772	0.219060	0.515689
2021-07-29 06:17:08.000000 	81.000000	56.564458	-154.180966	450.800004	-0.019507	-0.005888	0.025349	0.338570	0.273176	0.500144	-0.179767	-0.002826	-0.003196	0.032242	0.249637	0.240088	0.565188
2021-07-29 06:17:09.000000 	82.000000	56.564458	-154.180966	450.800004	-0.019886	-0.014444	0.010015	0.231119	0.186485	0.341420	-0.122715	-0.014670	0.004341	0.021687	0.170414	0.163894	0.385821
2021-07-29 06:17:10.000000 	83.000000	56.564458	-154.180966	450.800004	-0.014128	0.001547	0.010158	0.349060	0.281660	0.515656	-0.193982	-0.004454	-0.007546	0.015113	0.257382	0.247534	0.582716
2021-07-29 06:17:11.000000 	84.000000	56.564458	-154.180966	450.800004	-0.014995	0.007907	0.031585	0.318415	0.256942	0.470393	-0.167849	0.009013	-0.013649	0.031898	0.234791	0.225805	0.531565
2021-07-29 06:17:12.000000 	85.000000	56.564458	-154.180966	450.800004	-0.028626	-0.007523	0.000032	0.272285	0.219726	0.402252	-0.148564	-0.024221	-0.005696	0.016030	0.200780	0.193095	0.454562
2021-07-29 06:17:13.000000 	86.000000	56.564458	-154.180966	450.800004	-0.029234	-0.007715	0.036612	0.394159	0.318086	0.582307	-0.204625	-0.004592	-0.005787	0.046905	0.290654	0.279528	0.658031
2021-07-29 06:17:14.000000 	87.000000	56.564458	-154.180966	450.800004	-0.027893	-0.024207	-0.000097	0.249009	0.200957	0.367877	-0.133347	-0.029805	0.009642	0.019563	0.183624	0.176594	0.415715
2021-07-29 06:17:15.000000 	88.000000	56.564458	-154.180966	450.800004	-0.026738	-0.014207	-0.007254	0.321026	0.259087	0.474281	-0.179419	-0.029246	0.001144	0.010618	0.236736	0.227671	0.535955
2021-07-29 06:17:16.000000 	89.000000	56.564458	-154.180966	450.800004	-0.041751	-0.010186	0.010206	0.309409	0.249720	0.457124	-0.162025	-0.029442	-0.009015	0.031670	0.228174	0.219436	0.516567
2021-07-29 06:17:17.000000 	90.000000	56.564458	-154.180966	450.800004	-0.045136	-0.023403	0.004028	0.279597	0.225667	0.413086	-0.144406	-0.040192	0.001409	0.031364	0.206193	0.198296	0.466801
2021-07-29 06:17:18.000000 	91.000000	56.564458	-154.180966	450.800004	-0.044973	-0.028939	-0.005894	0.321807	0.259746	0.475457	-0.171991	-0.047549	0.006463	0.024332	0.237327	0.228236	0.537281
2021-07-29 06:17:19.000000 	92.000000	56.564458	-154.180966	450.800004	-0.055370	-0.052769	-0.013891	0.325641	0.262850	0.481129	-0.169975	-0.068427	0.023386	0.028534	0.240160	0.230959	0.543690
2021-07-29 06:17:20.000000 	93.000000	56.564458	-154.180966	450.800004	-0.029684	-0.004100	0.003770	0.333356	0.269087	0.492535	-0.182583	-0.021711	-0.009238	0.018853	0.245855	0.236434	0.556578
2021-07-29 06:17:21.000000 	94.000000	56.564458	-154.180966	450.800004	-0.076934	-0.030290	0.051298	0.329454	0.265948	0.486779	-0.144716	-0.040537	-0.006241	0.088236	0.242983	0.233671	0.550072
2021-07-29 06:17:22.000000 	95.000000	56.564458	-154.180966	450.800004	-0.035387	-0.068282	-0.011546	0.320658	0.258856	0.473789	-0.169555	-0.057762	0.046054	0.024302	0.236500	0.227435	0.535392
2021-07-29 06:17:23.000000 	96.000000	56.564458	-154.180966	450.800004	-0.083765	-0.048830	-0.005126	0.372092	0.300389	0.549795	-0.185317	-0.083496	0.007474	0.048987	0.274441	0.263921	0.621280
2021-07-29 06:17:24.000000 	97.000000	56.564458	-154.180966	450.800004	-0.083086	-0.057237	0.006659	0.297022	0.239794	0.438880	-0.135329	-0.079548	0.015336	0.060503	0.219077	0.210678	0.495942
2021-07-29 06:17:25.000000 	98.000000	56.564458	-154.180966	450.800004	-0.029654	-0.023278	0.008728	0.361407	0.291784	0.534024	-0.194939	-0.025927	0.008039	0.027577	0.266572	0.256350	0.603455
2021-07-29 06:17:26.000000 	99.000000	56.564458	-154.180966	450.800004	-0.018217	-0.018437	0.014100	0.276008	0.222845	0.407843	-0.147143	-0.012617	0.008663	0.025227	0.203587	0.195779	0.460868
2021-07-29 06:17:27.000000 	100.000000	56.564458	-154.180966	450.800004	-0.047336	0.005528	0.029497	0.327301	0.264268	0.483642	-0.164570	-0.017297	-0.025592	0.046768	0.241425	0.232166	0.546521
2021-07-29 06:17:28.000000 	101.000000	56.564458	-154.180966	450.800004	-0.024732	-0.014789	0.027413	0.336152	0.271425	0.496729	-0.175347	-0.008849	0.002541	0.038692	0.247960	0.238448	0.561309
2021-07-29 06:17:29.000000 	102.000000	56.564458	-154.180966	450.800004	-0.057930	-0.029542	0.033960	0.315829	0.255024	0.466705	-0.149638	-0.035542	0.001362	0.064162	0.232974	0.224035	0.527380
2021-07-29 06:17:30.000000 	103.000000	56.564458	-154.180966	450.800004	-0.011586	-0.008432	0.033818	0.369492	0.298367	0.546013	-0.196048	0.006866	0.002544	0.035992	0.272565	0.262106	0.616997
2021-07-29 06:17:31.000000 	104.000000	56.564458	-154.180966	450.800004	-0.004351	0.042507	0.040051	0.236567	0.191036	0.349589	-0.120037	0.034248	-0.040158	0.025380	0.174513	0.167816	0.395037
2021-07-29 06:17:32.000000 	105.000000	56.564458	-154.180966	450.800004	-0.024751	0.037067	0.012858	0.355740	0.287284	0.525708	-0.195813	0.001964	-0.044147	0.014112	0.262432	0.252360	0.594050
2021-07-29 06:17:33.000000 	106.000000	56.564458	-154.180966	450.800004	-0.012599	-0.043048	-0.000713	0.332002	0.268123	0.490635	-0.183320	-0.025503	0.033264	0.015984	0.244926	0.235524	0.554417
2021-07-29 06:17:34.000000 	107.000000	56.564458	-154.180966	450.800004	-0.037018	-0.046482	-0.029390	0.230477	0.186139	0.340606	-0.125756	-0.060896	0.025719	0.004989	0.170032	0.163504	0.384883
2021-07-29 06:17:35.000000 	108.000000	56.564458	-154.180966	450.800004	-0.033599	0.025078	0.031610	0.342370	0.276517	0.505972	-0.177584	0.001292	-0.037208	0.037026	0.252585	0.242887	0.571746
2021-07-29 06:17:36.000000 	109.000000	56.564458	-154.180966	450.800004	0.026352	0.019651	0.035028	0.338399	0.273320	0.500112	-0.188084	0.046238	-0.006212	0.011445	0.249661	0.240073	0.565122
2021-07-29 06:17:37.000000 	110.000000	56.564458	-154.180966	450.800004	-0.004212	-0.015635	-0.004546	0.281419	0.227307	0.415909	-0.161574	-0.011351	0.012240	0.002047	0.207628	0.199653	0.469973
2021-07-29 06:17:38.000000 	111.000000	56.564458	-154.180966	450.800004	-0.027365	-0.062537	0.002613	0.276080	0.223003	0.408025	-0.141661	-0.041846	0.044376	0.030761	0.203693	0.195869	0.461064
2021-07-29 06:17:39.000000 	112.000000	56.564458	-154.180966	450.800004	-0.010673	0.006153	0.012992	0.329905	0.266490	0.487582	-0.183162	0.001377	-0.010187	0.014659	0.243411	0.234060	0.550961
2021-07-29 06:17:40.000000 	113.000000	56.564458	-154.180966	450.800004	-0.005799	0.008695	0.065528	0.339749	0.274452	0.502138	-0.168036	0.034909	-0.010352	0.055473	0.250680	0.241048	0.567408
2021-07-29 06:17:41.000000 	114.000000	56.564458	-154.180966	450.800004	-0.047128	-0.049725	0.045530	0.347681	0.280870	0.513869	-0.164257	-0.028388	0.024236	0.073303	0.256538	0.246679	0.580662
2021-07-29 06:17:42.000000 	115.000000	56.564458	-154.180966	450.800004	-0.048668	-0.010509	0.039179	0.349223	0.282126	0.516156	-0.171937	-0.018792	-0.011736	0.059356	0.257682	0.247778	0.583246
2021-07-29 06:17:43.000000 	116.000000	56.564458	-154.180966	450.800004	-0.029125	-0.029352	0.022270	0.306097	0.247295	0.452423	-0.157088	-0.020276	0.013737	0.040074	0.225865	0.217183	0.511227
2021-07-29 06:17:44.000000 	117.000000	56.564458	-154.180966	450.800004	-0.049358	-0.006063	0.033391	0.275917	0.222921	0.407821	-0.131725	-0.020883	-0.016039	0.053801	0.203600	0.195772	0.460827
2021-07-29 06:17:45.000000 	118.000000	56.564458	-154.180966	450.800004	-0.038566	0.050973	0.027442	0.359562	0.290511	0.531462	-0.188255	0.004676	-0.062681	0.029796	0.265329	0.255126	0.600537
2021-07-29 06:17:46.000000 	119.000000	56.564458	-154.180966	450.800004	-0.059070	0.026330	0.015033	0.286803	0.231733	0.423924	-0.143386	-0.026520	-0.049428	0.035525	0.211643	0.203504	0.479022
2021-07-29 06:17:47.000000 	120.000000	56.564458	-154.180966	450.800004	-0.036693	0.004495	-0.002947	0.361616	0.292192	0.534513	-0.200227	-0.027554	-0.020027	0.014661	0.266856	0.256592	0.603983
2021-07-29 06:17:48.000000 	121.000000	56.564458	-154.180966	450.800004	-0.067547	-0.042115	-0.015497	0.282029	0.227893	0.416881	-0.142079	-0.074587	0.008492	0.030677	0.208129	0.200123	0.471061
2021-07-29 06:17:49.000000 	122.000000	56.564458	-154.180966	450.800004	-0.032518	-0.060012	0.013992	0.336986	0.272312	0.498123	-0.172471	-0.038530	0.039858	0.042207	0.248692	0.239124	0.562860
2021-07-29 06:17:50.000000 	123.000000	56.564458	-154.180966	450.800004	-0.041780	-0.037156	-0.002322	0.323928	0.261769	0.478828	-0.171909	-0.046169	0.015250	0.027701	0.239061	0.229862	0.541057
2021-07-29 06:17:51.000000 	124.000000	56.564458	-154.180966	450.800004	-0.029958	-0.019577	0.008179	0.309083	0.249782	0.456890	-0.165254	-0.025113	0.004575	0.026382	0.228110	0.219331	0.516267
2021-07-29 06:17:52.000000 	125.000000	56.564458	-154.180966	450.800004	-0.061985	-0.025539	0.022085	0.270167	0.218341	0.399370	-0.126505	-0.043676	-0.004007	0.055303	0.199394	0.191719	0.451271
2021-07-29 06:17:53.000000 	126.000000	56.564458	-154.180966	450.800004	-0.012659	-0.004238	-0.007346	0.356697	0.288283	0.527291	-0.205257	-0.015097	-0.001698	0.001166	0.263263	0.253128	0.595814
2021-07-29 06:17:54.000000 	127.000000	56.564458	-154.180966	450.800004	-0.025164	-0.025171	0.004596	0.307502	0.248533	0.454574	-0.166382	-0.025519	0.011699	0.022357	0.226959	0.218221	0.513647
2021-07-29 06:17:55.000000 	128.000000	56.564458	-154.180966	450.800004	-0.035142	-0.055797	0.019546	0.318054	0.257071	0.470180	-0.159335	-0.035908	0.034922	0.047132	0.234752	0.225713	0.531279
2021-07-29 06:17:56.000000 	129.000000	56.564458	-154.180966	450.800004	-0.002599	-0.006018	0.035704	0.297814	0.240721	0.440266	-0.156253	0.015533	0.004285	0.032528	0.219819	0.211353	0.497477
2021-07-29 06:17:57.000000 	130.000000	56.564458	-154.180966	450.800004	-0.007225	-0.038657	0.010322	0.337211	0.272576	0.498515	-0.184231	-0.013790	0.031651	0.021474	0.248904	0.239317	0.563295
2021-07-29 06:17:58.000000 	131.000000	56.564458	-154.180966	450.800004	-0.030824	-0.025239	0.037256	0.278206	0.224889	0.411292	-0.135091	-0.011800	0.009295	0.052436	0.205356	0.197445	0.464736
2021-07-29 06:17:59.000000 	132.000000	56.564458	-154.180966	450.800004	-0.042188	0.003735	0.025604	0.351095	0.283820	0.519056	-0.181490	-0.016226	-0.021736	0.041395	0.259164	0.249179	0.586502
2021-07-29 06:18:00.000000 	133.000000	56.564458	-154.180966	450.800004	-0.044729	0.017772	0.028302	0.347703	0.281089	0.514049	-0.178499	-0.011547	-0.035479	0.041539	0.256666	0.246776	0.580843
2021-07-29 06:18:01.000000 	134.000000	56.564458	-154.180966	450.800004	-0.053262	-0.008927	0.028575	0.312576	0.252701	0.462124	-0.153534	-0.027511	-0.015161	0.052406	0.230742	0.221849	0.522170
2021-07-29 06:18:02.000000 	135.000000	56.564458	-154.180966	450.800004	-0.045408	-0.031281	-0.010320	0.359157	0.290370	0.530998	-0.195114	-0.051166	0.008382	0.021417	0.265133	0.254914	0.599992
2021-07-29 06:18:03.000000 	136.000000	56.564458	-154.180966	450.800004	-0.023355	-0.037137	-0.006521	0.239371	0.193533	0.353905	-0.129504	-0.034635	0.023258	0.015054	0.176710	0.169898	0.399888
2021-07-29 06:18:04.000000 	137.000000	56.564458	-154.180966	450.800004	-0.019416	-0.052376	0.017824	0.270172	0.218444	0.399450	-0.136787	-0.023801	0.038691	0.037074	0.199453	0.191763	0.451349
2021-07-29 06:18:05.000000 	138.000000	56.564458	-154.180966	450.800004	-0.034195	-0.022616	0.011451	0.358834	0.290142	0.530544	-0.191348	-0.027598	0.005465	0.031944	0.264914	0.254698	0.599475
2021-07-29 06:18:06.000000 	139.000000	56.564458	-154.180966	450.800004	-0.017435	-0.019346	0.011818	0.322907	0.261103	0.477433	-0.175419	-0.013617	0.009821	0.023152	0.238396	0.229202	0.539462
2021-07-29 06:18:07.000000 	140.000000	56.564458	-154.180966	450.800004	-0.028449	0.001642	0.057765	0.323128	0.261291	0.477766	-0.155911	0.011054	-0.013869	0.061922	0.238564	0.229362	0.539837
2021-07-29 06:18:08.000000 	141.000000	56.564458	-154.180966	450.800004	-0.052507	0.028043	0.064318	0.368208	0.297755	0.544427	-0.173879	0.006189	-0.048112	0.072987	0.271853	0.261366	0.615158
2021-07-29 06:18:09.000000 	142.000000	56.564458	-154.180966	450.800004	-0.022494	0.030309	0.032454	0.357532	0.289133	0.528650	-0.189489	0.012000	-0.037081	0.030967	0.263978	0.253793	0.597330
2021-07-29 06:18:10.000000 	143.000000	56.564458	-154.180966	450.800004	-0.026874	-0.004834	0.010797	0.240117	0.194188	0.355044	-0.126756	-0.015995	-0.007353	0.023499	0.177290	0.170449	0.401169
2021-07-29 06:18:11.000000 	144.000000	56.564458	-154.180966	450.800004	-0.022211	-0.015771	0.019387	0.335212	0.271104	0.495662	-0.178720	-0.011735	0.004523	0.030980	0.247510	0.237957	0.560054
2021-07-29 06:18:12.000000 	145.000000	56.564458	-154.180966	450.800004	-0.063869	-0.036938	0.011544	0.320701	0.259378	0.474212	-0.158003	-0.055043	0.005434	0.050176	0.236801	0.227661	0.535817
2021-07-29 06:18:13.000000 	146.000000	56.564458	-154.180966	450.800004	-0.046071	-0.027978	-0.011882	0.292114	0.236266	0.431948	-0.156661	-0.051324	0.005120	0.019650	0.215698	0.207371	0.488061
2021-07-29 06:18:14.000000 	147.000000	56.564458	-154.180966	450.800004	-0.037428	-0.045646	-0.002807	0.344729	0.278833	0.509756	-0.184361	-0.046253	0.024788	0.027176	0.254555	0.244726	0.575976
2021-07-29 06:18:15.000000 	148.000000	56.564458	-154.180966	450.800004	-0.044523	-0.020430	-0.005333	0.289988	0.234565	0.428817	-0.154592	-0.043810	-0.001000	0.022535	0.214139	0.205869	0.484520
2021-07-29 06:18:16.000000 	149.000000	56.564458	-154.180966	450.800004	-0.015207	-0.005432	0.004149	0.297180	0.240391	0.439457	-0.165662	-0.011111	-0.001733	0.012309	0.219454	0.210978	0.496542
2021-07-29 06:18:17.000000 	150.000000	56.564458	-154.180966	450.800004	-0.030222	-0.000620	0.049897	0.332356	0.268855	0.491481	-0.163976	0.004565	-0.012605	0.056778	0.245436	0.235956	0.555323
2021-07-29 06:18:18.000000 	151.000000	56.564458	-154.180966	450.800004	-0.012171	0.003706	0.018396	0.311521	0.252011	0.460677	-0.169915	0.002340	-0.008637	0.020499	0.230055	0.221168	0.520516
2021-07-29 06:18:19.000000 	152.000000	56.564458	-154.180966	450.800004	-0.042447	-0.015134	0.013959	0.278262	0.225114	0.411500	-0.141972	-0.029696	-0.004863	0.036335	0.205499	0.197559	0.464951
2021-07-29 06:18:20.000000 	153.000000	56.564458	-154.180966	450.800004	-0.037592	-0.011605	0.019612	0.345942	0.279878	0.511594	-0.180994	-0.021651	-0.005926	0.037797	0.255488	0.245614	0.578044
2021-07-29 06:18:21.000000 	154.000000	56.564458	-154.180966	450.800004	-0.035071	-0.007564	0.026489	0.344871	0.279022	0.510017	-0.178801	-0.014499	-0.008466	0.041316	0.254703	0.244858	0.576261
2021-07-29 06:18:22.000000 	155.000000	56.564458	-154.180966	450.800004	-0.023250	-0.022944	0.007737	0.287003	0.232212	0.424445	-0.154211	-0.021541	0.010527	0.023494	0.211970	0.203776	0.479573
2021-07-29 06:18:23.000000 	156.000000	56.564458	-154.180966	450.800004	-0.045750	-0.023522	0.030909	0.314258	0.254274	0.464758	-0.154553	-0.025886	0.001249	0.054130	0.232105	0.223132	0.525121
2021-07-29 06:18:24.000000 	157.000000	56.564458	-154.180966	450.800004	-0.019863	-0.034045	-0.004428	0.359286	0.290718	0.531358	-0.200239	-0.029735	0.021995	0.014327	0.265368	0.255108	0.600370
2021-07-29 06:18:25.000000 	158.000000	56.564458	-154.180966	450.800004	-0.038634	-0.020751	0.029741	0.289559	0.234307	0.428243	-0.143073	-0.020177	0.001854	0.048961	0.213873	0.205602	0.483861
2021-07-29 06:18:26.000000 	159.000000	56.564458	-154.180966	450.800004	-0.021054	-0.010589	0.038197	0.341463	0.276318	0.505013	-0.175672	0.001382	0.000363	0.044859	0.252217	0.242462	0.570601
2021-07-29 06:18:27.000000 	160.000000	56.564458	-154.180966	450.800004	-0.046577	0.008090	0.028962	0.312174	0.252627	0.461703	-0.156573	-0.016091	-0.027568	0.045329	0.230589	0.221669	0.521665
2021-07-29 06:18:28.000000 	161.000000	56.564458	-154.180966	450.800004	-0.039298	-0.012916	0.018483	0.314359	0.254405	0.464941	-0.162489	-0.024032	-0.005489	0.038015	0.232208	0.223224	0.525322
2021-07-29 06:18:29.000000 	162.000000	56.564458	-154.180966	450.800004	-0.030871	-0.013214	0.017338	0.336062	0.271979	0.497046	-0.177961	-0.018440	-0.001550	0.032951	0.248246	0.238640	0.561596
2021-07-29 06:18:30.000000 	163.000000	56.564458	-154.180966	450.800004	-0.039293	-0.031214	0.022509	0.294777	0.238576	0.435991	-0.147421	-0.028459	0.010985	0.045764	0.217755	0.209327	0.492611
2021-07-29 06:18:31.000000 	164.000000	56.564458	-154.180966	450.800004	-0.025844	-0.040917	0.012007	0.343925	0.278364	0.508691	-0.182469	-0.027670	0.025577	0.032657	0.254067	0.244233	0.574750
2021-07-29 06:18:32.000000 	165.000000	56.564458	-154.180966	450.800004	-0.028149	-0.019197	-0.000153	0.308119	0.249393	0.455737	-0.168553	-0.028207	0.005021	0.018441	0.227621	0.218810	0.514918
2021-07-29 06:18:33.000000 	166.000000	56.564458	-154.180966	450.800004	-0.037765	-0.021873	0.002956	0.323230	0.261634	0.478094	-0.173001	-0.034690	0.003241	0.026447	0.238790	0.229545	0.540177
2021-07-29 06:18:34.000000 	167.000000	56.564458	-154.180966	450.800004	-0.044946	-0.028411	0.030614	0.284806	0.230541	0.421267	-0.137197	-0.027221	0.006000	0.054659	0.210410	0.202262	0.475970
2021-07-29 06:18:35.000000 	168.000000	56.564458	-154.180966	450.800004	-0.041232	0.000582	0.007730	0.352598	0.285428	0.521548	-0.189454	-0.026503	-0.018482	0.026762	0.260500	0.250411	0.589271
2021-07-29 06:18:36.000000 	169.000000	56.564458	-154.180966	450.800004	-0.025597	0.011437	0.027541	0.301300	0.243912	0.445676	-0.157254	0.000104	-0.021444	0.032934	0.222606	0.213984	0.503546
2021-07-29 06:18:37.000000 	170.000000	56.564458	-154.180966	450.800004	-0.039635	0.001608	0.010526	0.354961	0.287363	0.525058	-0.190339	-0.023390	-0.018710	0.028057	0.262259	0.252099	0.593234
2021-07-29 06:18:38.000000 	171.000000	56.564458	-154.180966	450.800004	-0.022079	-0.000316	0.036475	0.288109	0.233251	0.426175	-0.146139	0.003397	-0.009331	0.041466	0.212871	0.204623	0.481511
2021-07-29 06:18:39.000000 	172.000000	56.564458	-154.180966	450.800004	-0.024178	-0.008377	0.003753	0.318050	0.257501	0.470471	-0.175193	-0.019139	-0.002990	0.017135	0.234999	0.225892	0.531557
2021-07-29 06:18:40.000000 	173.000000	56.564458	-154.180966	450.800004	-0.046264	-0.027369	0.033905	0.303837	0.246003	0.449453	-0.146781	-0.026019	0.004487	0.057809	0.224503	0.215802	0.507809
2021-07-29 06:18:41.000000 	174.000000	56.564458	-154.180966	450.800004	-0.034360	-0.022396	0.017940	0.325281	0.263376	0.481181	-0.169512	-0.024066	0.005196	0.037388	0.240354	0.231037	0.543655
2021-07-29 06:18:42.000000 	175.000000	56.564458	-154.180966	450.800004	-0.031224	-0.018226	0.009647	0.351081	0.284277	0.519354	-0.189052	-0.024765	0.002808	0.027911	0.259425	0.249367	0.586783
2021-07-29 06:18:43.000000 	176.000000	56.564458	-154.180966	450.800004	-0.029827	-0.019763	0.026047	0.289282	0.234246	0.427940	-0.147060	-0.015237	0.004800	0.041273	0.213764	0.205476	0.483499
2021-07-29 06:18:44.000000 	177.000000	56.564458	-154.180966	450.800004	-0.039783	-0.008394	0.022423	0.281105	0.227634	0.415850	-0.141982	-0.020581	-0.009770	0.040458	0.207728	0.199672	0.469839
2021-07-29 06:18:45.000000 	178.000000	56.564458	-154.180966	450.800004	-0.035295	0.001429	0.029649	0.364796	0.295417	0.539665	-0.189888	-0.009658	-0.016658	0.041905	0.269580	0.259124	0.609727
2021-07-29 06:18:46.000000 	179.000000	56.564458	-154.180966	450.800004	-0.039931	-0.017894	0.024049	0.295301	0.239148	0.436862	-0.148629	-0.023249	-0.001283	0.044168	0.218229	0.209764	0.493576
2021-07-29 06:18:47.000000 	180.000000	56.564458	-154.180966	450.800004	-0.024237	-0.027848	-0.000721	0.336810	0.272774	0.498276	-0.185524	-0.028725	0.014512	0.018102	0.248911	0.239254	0.562963
2021-07-29 06:18:48.000000 	181.000000	56.564458	-154.180966	450.800004	-0.033165	-0.018443	0.012675	0.313078	0.253564	0.463173	-0.165270	-0.024633	0.002157	0.031453	0.231378	0.222400	0.523301
2021-07-29 06:18:49.000000 	182.000000	56.564458	-154.180966	450.800004	-0.023072	-0.020272	0.002028	0.323566	0.262069	0.478695	-0.178091	-0.023582	0.008200	0.018001	0.239135	0.229855	0.540837
2021-07-29 06:18:50.000000 	183.000000	56.564458	-154.180966	450.800004	-0.053853	-0.038486	0.040656	0.268396	0.217393	0.397081	-0.119686	-0.032041	0.011189	0.069874	0.198366	0.190667	0.448627
2021-07-29 06:18:51.000000 	184.000000	56.564458	-154.180966	450.800004	-0.028982	-0.008937	0.007987	0.325944	0.264016	0.482228	-0.176763	-0.020619	-0.004577	0.023185	0.240906	0.231554	0.544826
2021-07-29 06:18:52.000000 	185.000000	56.564458	-154.180966	450.800004	-0.040582	-0.005153	0.025919	0.345085	0.279530	0.510552	-0.177889	-0.018077	-0.013036	0.042995	0.255059	0.245156	0.576826
2021-07-29 06:18:53.000000 	186.000000	56.564458	-154.180966	450.800004	-0.031785	0.000267	0.022041	0.290037	0.234949	0.429115	-0.150468	-0.011635	-0.014084	0.034095	0.214377	0.206053	0.484816
2021-07-29 06:18:54.000000 	187.000000	56.564458	-154.180966	450.800004	-0.037977	-0.001609	0.007116	0.378391	0.306534	0.559844	-0.205568	-0.025192	-0.015091	0.025161	0.279691	0.268829	0.632513
2021-07-29 06:18:55.000000 	188.000000	56.564458	-154.180966	450.800004	-0.026762	-0.024898	0.022562	0.296635	0.240313	0.438889	-0.152971	-0.016722	0.010757	0.038077	0.219266	0.210749	0.495856
2021-07-29 06:18:56.000000 	189.000000	56.564458	-154.180966	450.800004	-0.030386	-0.019866	0.035522	0.307351	0.249004	0.454749	-0.153671	-0.010473	0.004649	0.049482	0.227192	0.218367	0.513774
2021-07-29 06:18:57.000000 	190.000000	56.564458	-154.180966	450.800004	-0.023130	0.000837	-0.001706	0.317956	0.257606	0.470447	-0.178445	-0.018012	-0.010827	0.009848	0.235038	0.225906	0.531508
2021-07-29 06:18:58.000000 	191.000000	56.564458	-154.180966	450.800004	-0.037725	-0.008889	0.028695	0.298820	0.242112	0.442140	-0.150464	-0.015758	-0.008429	0.044791	0.220898	0.212314	0.499525
2021-07-29 06:18:59.000000 	192.000000	56.564458	-154.180966	450.800004	-0.030076	-0.011040	0.015883	0.320412	0.259616	0.474094	-0.170020	-0.017854	-0.003161	0.030821	0.236866	0.227660	0.535626
2021-07-29 06:19:00.000000 	193.000000	56.564458	-154.180966	450.800004	-0.017114	-0.004990	0.008262	0.288637	0.233879	0.427084	-0.158793	-0.010117	-0.002962	0.016580	0.213382	0.205087	0.482513
2021-07-29 06:19:01.000000 	194.000000	56.564458	-154.180966	450.800004	-0.028885	-0.024004	0.023807	0.353888	0.286763	0.523640	-0.185274	-0.017305	0.009028	0.039954	0.261627	0.251456	0.591600
2021-07-29 06:19:02.000000 	195.000000	56.564458	-154.180966	450.800004	-0.057084	-0.025851	0.037341	0.301847	0.244602	0.446642	-0.141226	-0.031702	-0.001592	0.065678	0.223159	0.214482	0.504607
2021-07-29 06:19:03.000000 	196.000000	56.564458	-154.180966	450.800004	-0.044300	-0.011967	0.002412	0.312122	0.252939	0.461852	-0.165903	-0.036299	-0.008521	0.026857	0.230762	0.221788	0.521790
2021-07-29 06:19:04.000000 	197.000000	56.564458	-154.180966	450.800004	-0.024303	-0.024553	0.013408	0.298179	0.241649	0.441226	-0.158181	-0.019792	0.011517	0.029136	0.220459	0.211885	0.498486
2021-07-29 06:19:05.000000 	198.000000	56.564458	-154.180966	450.800004	-0.044226	-0.025542	0.037217	0.340546	0.275995	0.503924	-0.167788	-0.021999	0.003731	0.059123	0.251790	0.241995	0.569320
2021-07-29 06:19:06.000000 	199.000000	56.564458	-154.180966	450.800004	-0.031051	-0.024446	0.003381	0.312952	0.253642	0.463099	-0.168678	-0.030348	0.008482	0.024089	0.231394	0.222391	0.523195
2021-07-29 06:19:07.000000 	200.000000	56.564458	-154.180966	450.800004	-0.047181	-0.007804	0.020997	0.312683	0.253434	0.462706	-0.158766	-0.026709	-0.013523	0.042797	0.231201	0.222205	0.522750
2021-07-29 06:19:08.000000 	201.000000	56.564458	-154.180966	450.800004	-0.031367	-0.009984	0.020061	0.326000	0.264238	0.482419	-0.171409	-0.016138	-0.004674	0.034695	0.241054	0.231673	0.545019
2021-07-29 06:19:09.000000 	202.000000	56.564458	-154.180966	450.800004	-0.027853	-0.012115	0.016718	0.302256	0.245002	0.447288	-0.159727	-0.016115	-0.001225	0.030674	0.223503	0.214804	0.505329
2021-07-29 06:19:10.000000 	203.000000	56.564458	-154.180966	450.800004	-0.027807	-0.007580	0.024811	0.324211	0.262808	0.479784	-0.169740	-0.009973	-0.005287	0.036316	0.239744	0.230411	0.542040
2021-07-29 06:19:11.000000 	204.000000	56.564458	-154.180966	450.800004	-0.026247	-0.021360	0.021086	0.285852	0.231723	0.423024	-0.147928	-0.015862	0.007797	0.035741	0.211384	0.203154	0.477914
2021-07-29 06:19:12.000000 	205.000000	56.564458	-154.180966	450.800004	-0.051808	-0.013928	0.032264	0.339953	0.275591	0.503093	-0.168358	-0.026203	-0.010026	0.055963	0.251398	0.241609	0.568371
2021-07-29 06:19:13.000000 	206.000000	56.564458	-154.180966	450.800004	-0.022971	0.017176	0.007121	0.315160	0.255502	0.466407	-0.174642	-0.007089	-0.025466	0.013214	0.233069	0.223992	0.526924
2021-07-29 06:19:14.000000 	207.000000	56.564458	-154.180966	450.800004	-0.044793	-0.009800	0.022055	0.307640	0.249415	0.455285	-0.156018	-0.025058	-0.010687	0.042974	0.227514	0.218653	0.514357
2021-07-29 06:19:15.000000 	208.000000	56.564458	-154.180966	450.800004	-0.027044	-0.022920	0.018485	0.340400	0.275986	0.503773	-0.180223	-0.018461	0.008853	0.034340	0.251748	0.241941	0.569135
2021-07-29 06:19:16.000000 	209.000000	56.564458	-154.180966	450.800004	-0.033290	-0.017013	0.009350	0.297911	0.241546	0.440897	-0.157952	-0.026039	0.000815	0.028397	0.220331	0.211746	0.498100
2021-07-29 06:19:17.000000 	210.000000	56.564458	-154.180966	450.800004	-0.033526	-0.024918	0.019216	0.362408	0.293852	0.536358	-0.190687	-0.023653	0.007829	0.038644	0.268039	0.257594	0.605944
2021-07-29 06:19:18.000000 	211.000000	56.564458	-154.180966	450.800004	-0.032892	-0.013511	0.017991	0.281089	0.227926	0.416013	-0.145377	-0.019706	-0.002163	0.034570	0.207901	0.199798	0.469985
2021-07-29 06:19:19.000000 	212.000000	56.564458	-154.180966	450.800004	-0.034125	-0.003866	0.017011	0.299397	0.242780	0.443113	-0.156945	-0.017667	-0.011382	0.032049	0.221448	0.212816	0.500600
2021-07-29 06:19:20.000000 	213.000000	56.564458	-154.180966	450.800004	-0.024288	-0.032577	0.015833	0.345167	0.279906	0.510861	-0.183560	-0.021362	0.018746	0.033077	0.255309	0.245355	0.577135
2021-07-29 06:19:21.000000 	214.000000	56.564458	-154.180966	450.800004	-0.039385	-0.039240	0.023095	0.280905	0.227803	0.415756	-0.138106	-0.031122	0.018170	0.048224	0.207782	0.199680	0.469691
2021-07-29 06:19:22.000000 	215.000000	56.564458	-154.180966	450.800004	-0.039981	-0.020533	0.019235	0.305606	0.247844	0.452320	-0.156306	-0.026897	0.001070	0.040810	0.226059	0.217243	0.510997
2021-07-29 06:19:23.000000 	216.000000	56.564458	-154.180966	450.800004	-0.045315	-0.011426	0.027704	0.362249	0.293794	0.536164	-0.185353	-0.022929	-0.009451	0.048337	0.267965	0.257514	0.605716
2021-07-29 06:19:24.000000 	217.000000	56.564458	-154.180966	450.800004	-0.030554	-0.003131	0.017322	0.307176	0.249138	0.454656	-0.162475	-0.014546	-0.010488	0.030362	0.227232	0.218368	0.513633
2021-07-29 06:19:25.000000 	218.000000	56.564458	-154.180966	450.800004	-0.030531	-0.004718	0.016527	0.275732	0.223644	0.408121	-0.144394	-0.015543	-0.009050	0.030068	0.203978	0.196020	0.461061
2021-07-29 06:19:26.000000 	219.000000	56.564458	-154.180966	450.800004	-0.043974	-0.001714	0.041173	0.386891	0.313816	0.572657	-0.195599	-0.010970	-0.017609	0.056581	0.286217	0.275048	0.646938
2021-07-29 06:19:27.000000 	220.000000	56.564458	-154.180966	450.800004	-0.030815	-0.001052	-0.007129	0.305619	0.247905	0.452368	-0.170984	-0.027458	-0.012474	0.009587	0.226099	0.217275	0.511045
2021-07-29 06:19:28.000000 	221.000000	56.564458	-154.180966	450.800004	-0.041032	-0.013581	0.033376	0.304945	0.247368	0.451376	-0.150893	-0.017369	-0.005645	0.051463	0.225607	0.216801	0.509923
2021-07-29 06:19:29.000000 	222.000000	56.564458	-154.180966	450.800004	-0.031683	-0.008262	0.021618	0.315064	0.255586	0.466359	-0.164616	-0.014892	-0.006362	0.035737	0.233099	0.224000	0.526848
2021-07-29 06:19:30.000000 	223.000000	56.564458	-154.180966	450.800004	-0.035646	-0.011993	0.003993	0.273120	0.221570	0.404279	-0.145404	-0.028936	-0.004729	0.023891	0.202073	0.194183	0.456715
2021-07-29 06:19:31.000000 	224.000000	56.564458	-154.180966	450.800004	-0.022440	-0.024864	0.018535	0.336665	0.273132	0.498347	-0.179121	-0.015681	0.012609	0.032565	0.249095	0.239368	0.562982
2021-07-29 06:19:32.000000 	225.000000	56.564458	-154.180966	450.800004	-0.024603	-0.024875	0.020573	0.343625	0.278789	0.508655	-0.181787	-0.016186	0.011677	0.035341	0.254252	0.244322	0.574626
2021-07-29 06:19:33.000000 	226.000000	56.564458	-154.180966	450.800004	-0.037697	-0.025137	0.025461	0.316657	0.256920	0.468741	-0.160530	-0.023425	0.006210	0.045977	0.234304	0.225152	0.529534
2021-07-29 06:19:34.000000 	227.000000	56.564458	-154.180966	450.800004	-0.031958	-0.022688	0.026100	0.330771	0.268382	0.489640	-0.170413	-0.017872	0.006505	0.043077	0.244754	0.235192	0.553142
2021-07-29 06:19:35.000000 	228.000000	56.564458	-154.180966	450.800004	-0.037055	-0.020391	0.029764	0.315102	0.255679	0.466451	-0.158695	-0.018847	0.002216	0.048111	0.233166	0.224056	0.526943
2021-07-29 06:19:36.000000 	229.000000	56.564458	-154.180966	450.800004	-0.039159	-0.011842	0.005180	0.287937	0.233646	0.426243	-0.152544	-0.030866	-0.006395	0.026587	0.213071	0.204744	0.481520
2021-07-29 06:19:37.000000 	230.000000	56.564458	-154.180966	450.800004	-0.050384	-0.019821	0.035660	0.337432	0.273820	0.499519	-0.165539	-0.025404	-0.004101	0.059505	0.249704	0.239944	0.564297
2021-07-29 06:19:38.000000 	231.000000	56.564458	-154.180966	450.800004	-0.028383	-0.012991	0.009832	0.308410	0.250279	0.456562	-0.165837	-0.020625	-0.000667	0.025400	0.228234	0.219312	0.515768
2021-07-29 06:19:39.000000 	232.000000	56.564458	-154.180966	450.800004	-0.033706	-0.010339	0.008362	0.300487	0.243859	0.444838	-0.160501	-0.024471	-0.005373	0.026177	0.222377	0.213682	0.502522
2021-07-29 06:19:40.000000 	233.000000	56.564458	-154.180966	450.800004	-0.040515	-0.000282	0.032629	0.322975	0.262120	0.478135	-0.163018	-0.012559	-0.017391	0.047392	0.239026	0.229679	0.540136
2021-07-29 06:19:41.000000 	234.000000	56.564458	-154.180966	450.800004	-0.037250	0.007572	0.023202	0.295695	0.239990	0.437755	-0.152360	-0.012445	-0.023039	0.036021	0.218843	0.210284	0.494518
2021-07-29 06:19:42.000000 	235.000000	56.564458	-154.180966	450.800004	-0.023085	-0.007078	0.000640	0.343398	0.278717	0.508381	-0.191796	-0.019561	-0.003683	0.013683	0.254154	0.244213	0.574301
2021-07-29 06:19:43.000000 	236.000000	56.564458	-154.180966	450.800004	-0.044048	-0.030071	0.053237	0.317662	0.257839	0.470286	-0.147787	-0.014685	0.007885	0.073490	0.235113	0.225916	0.531265
2021-07-29 06:19:44.000000 	237.000000	56.564458	-154.180966	450.800004	-0.025588	-0.003599	0.006143	0.300079	0.243577	0.444261	-0.164162	-0.017144	-0.007905	0.018681	0.222106	0.213416	0.501864
2021-07-29 06:19:45.000000 	238.000000	56.564458	-154.180966	450.800004	-0.037579	-0.019592	0.026311	0.318968	0.258920	0.472231	-0.162274	-0.020853	0.001270	0.045297	0.236093	0.226854	0.533460
2021-07-29 06:19:46.000000 	239.000000	56.564458	-154.180966	450.800004	-0.035172	-0.020661	0.011894	0.303307	0.246217	0.449050	-0.159278	-0.027377	0.003280	0.032329	0.224508	0.215721	0.507272
2021-07-29 06:19:47.000000 	240.000000	56.564458	-154.180966	450.800004	-0.045307	-0.031104	0.028502	0.333703	0.270903	0.494058	-0.166392	-0.029634	0.008267	0.053721	0.247014	0.237345	0.558114
2021-07-29 06:19:48.000000 	241.000000	56.564458	-154.180966	450.800004	-0.020638	-0.012144	0.016726	0.285184	0.231524	0.422229	-0.151981	-0.010701	0.001944	0.027109	0.211105	0.202840	0.476971
2021-07-29 06:19:49.000000 	242.000000	56.564458	-154.180966	450.800004	-0.041230	-0.019570	0.021279	0.331587	0.269206	0.490937	-0.170509	-0.026360	-0.000341	0.042904	0.245461	0.235850	0.554585
2021-07-29 06:19:50.000000 	243.000000	56.564458	-154.180966	450.800004	-0.010141	-0.018929	0.017280	0.302817	0.245859	0.448346	-0.163974	-0.004977	0.012623	0.023993	0.224170	0.215391	0.506471
2021-07-29 06:19:51.000000 	244.000000	56.564458	-154.180966	450.800004	-0.038792	-0.010380	0.003301	0.383706	0.311546	0.568116	-0.209353	-0.031094	-0.007551	0.024486	0.284059	0.272934	0.641767
2021-07-29 06:19:52.000000 	245.000000	56.564458	-154.180966	450.800004	-0.030225	-0.023894	0.014446	0.260381	0.211422	0.385526	-0.134382	-0.023430	0.008345	0.032781	0.192767	0.185216	0.435505
2021-07-29 06:19:53.000000 	246.000000	56.564458	-154.180966	450.800004	-0.055301	-0.015382	0.036173	0.280115	0.227455	0.414749	-0.130837	-0.027201	-0.010239	0.061307	0.207382	0.199257	0.468514
2021-07-29 06:19:54.000000 	247.000000	56.564458	-154.180966	450.800004	-0.030416	-0.006639	0.017172	0.334648	0.271747	0.495498	-0.178351	-0.015799	-0.007271	0.031010	0.247763	0.238054	0.559730
2021-07-29 06:19:55.000000 	248.000000	56.564458	-154.180966	450.800004	-0.032206	-0.013189	0.014927	0.330164	0.268116	0.488864	-0.175472	-0.020762	-0.002155	0.031596	0.244450	0.234869	0.552235
2021-07-29 06:19:56.000000 	249.000000	56.564458	-154.180966	450.800004	-0.033137	0.010390	0.017386	0.329904	0.267916	0.488486	-0.176028	-0.011536	-0.023785	0.028451	0.244265	0.234690	0.551806
2021-07-29 06:19:57.000000 	250.000000	56.564458	-154.180966	450.800004	-0.036290	-0.005301	0.028822	0.301964	0.245236	0.447121	-0.153223	-0.013307	-0.011034	0.043324	0.223584	0.214819	0.505078
2021-07-29 06:19:58.000000 	251.000000	56.564458	-154.180966	450.800004	-0.040164	-0.022358	0.009040	0.348006	0.282640	0.515301	-0.184761	-0.033316	0.002633	0.032831	0.257682	0.247578	0.582093
2021-07-29 06:19:59.000000 	252.000000	56.564458	-154.180966	450.800004	-0.031222	-0.015310	0.037319	0.311652	0.253125	0.461476	-0.155981	-0.008456	0.000183	0.050303	0.230771	0.221721	0.521291
2021-07-29 06:20:00.000000 	253.000000	56.564458	-154.180966	450.800004	-0.037317	-0.011380	0.034176	0.307317	0.249614	0.455062	-0.153392	-0.013338	-0.006008	0.049760	0.227567	0.218641	0.514044
2021-07-29 06:20:01.000000 	254.000000	56.564458	-154.180966	450.800004	-0.041387	-0.020039	0.017193	0.345464	0.280610	0.511555	-0.180112	-0.028900	0.000014	0.039684	0.255822	0.245787	0.577858
2021-07-29 06:20:02.000000 	255.000000	56.564458	-154.180966	450.800004	-0.038210	-0.013371	0.015812	0.306051	0.248606	0.453199	-0.159349	-0.024850	-0.004606	0.035356	0.226643	0.217751	0.511937
2021-07-29 06:20:03.000000 	256.000000	56.564458	-154.180966	450.800004	-0.044879	-0.023978	0.031679	0.275498	0.223797	0.407960	-0.132264	-0.024973	0.002038	0.054450	0.204023	0.196017	0.460833
2021-07-29 06:20:04.000000 	257.000000	56.564458	-154.180966	450.800004	-0.027420	-0.043746	0.016263	0.328732	0.267051	0.486795	-0.171548	-0.027537	0.027437	0.037670	0.243453	0.233899	0.549884
2021-07-29 06:20:05.000000 	258.000000	56.564458	-154.180966	450.800004	-0.029948	-0.011736	0.023489	0.299147	0.243027	0.442990	-0.154956	-0.013820	-0.002478	0.037272	0.221549	0.212853	0.500400
2021-07-29 06:20:06.000000 	259.000000	56.564458	-154.180966	450.800004	-0.025934	-0.020160	0.007426	0.333005	0.270545	0.493135	-0.181073	-0.022717	0.006853	0.023898	0.246632	0.236950	0.557043
2021-07-29 06:20:07.000000 	260.000000	56.564458	-154.180966	450.800004	-0.025444	0.001536	0.008273	0.305308	0.248053	0.452124	-0.166954	-0.013997	-0.012464	0.019155	0.226125	0.217247	0.510715
2021-07-29 06:20:08.000000 	261.000000	56.564458	-154.180966	450.800004	-0.033370	-0.006428	0.022629	0.281507	0.228725	0.416883	-0.144561	-0.014935	-0.008747	0.036978	0.208503	0.200316	0.470906
2021-07-29 06:20:09.000000 	262.000000	56.564458	-154.180966	450.800004	-0.053397	-0.020625	0.047610	0.370238	0.300831	0.548291	-0.179163	-0.021375	-0.004690	0.071165	0.274232	0.263462	0.619341
2021-07-29 06:20:10.000000 	263.000000	56.564458	-154.180966	450.800004	-0.030141	-0.007518	0.010136	0.306908	0.249383	0.454509	-0.165025	-0.019790	-0.006360	0.025212	0.227331	0.218401	0.513405
2021-07-29 06:20:11.000000 	264.000000	56.564458	-154.180966	450.800004	-0.031363	-0.008230	0.014781	0.317421	0.257936	0.470083	-0.168930	-0.018407	-0.006251	0.029866	0.235124	0.225887	0.530996
2021-07-29 06:20:12.000000 	265.000000	56.564458	-154.180966	450.800004	-0.040412	-0.008766	0.038463	0.313340	0.254631	0.464045	-0.154589	-0.012351	-0.009710	0.054245	0.232109	0.222988	0.524175
2021-07-29 06:20:13.000000 	266.000000	56.564458	-154.180966	450.800004	-0.039811	-0.011950	0.019671	0.301222	0.244793	0.446103	-0.154768	-0.023411	-0.006582	0.039029	0.223138	0.214369	0.503906
2021-07-29 06:20:14.000000 	267.000000	56.564458	-154.180966	450.800004	-0.034044	-0.022999	0.004830	0.357859	0.290832	0.529988	-0.193900	-0.031272	0.005876	0.026435	0.265102	0.254682	0.598659
2021-07-29 06:20:15.000000 	268.000000	56.564458	-154.180966	450.800004	-0.047555	-0.022856	0.018874	0.259021	0.210516	0.383614	-0.126806	-0.033631	-0.000137	0.044823	0.191889	0.184345	0.433318
2021-07-29 06:20:16.000000 	269.000000	56.564458	-154.180966	450.800004	-0.027703	-0.023494	0.022055	0.351756	0.285896	0.520962	-0.185481	-0.017197	0.009083	0.037784	0.260596	0.250351	0.588459
2021-07-29 06:20:17.000000 	270.000000	56.564458	-154.180966	450.800004	-0.038214	-0.019290	0.032810	0.289955	0.235675	0.429437	-0.142837	-0.017639	0.000721	0.050963	0.214818	0.206370	0.485074
2021-07-29 06:20:18.000000 	271.000000	56.564458	-154.180966	450.800004	-0.028323	-0.008064	0.012829	0.353906	0.287667	0.524157	-0.191807	-0.017139	-0.005076	0.026689	0.262205	0.251892	0.592065
2021-07-29 06:20:19.000000 	272.000000	56.564458	-154.180966	450.800004	-0.028631	-0.012492	0.033817	0.280026	0.227624	0.414740	-0.140091	-0.007415	-0.001225	0.045419	0.207474	0.199313	0.468471
2021-07-29 06:20:20.000000 	273.000000	56.564458	-154.180966	450.800004	-0.033576	-0.017293	0.021333	0.383037	0.311371	0.567315	-0.203030	-0.019753	0.000943	0.038606	0.283805	0.272639	0.640811
2021-07-29 06:20:21.000000 	274.000000	56.564458	-154.180966	450.800004	-0.041849	-0.013905	0.025234	0.268153	0.217991	0.397164	-0.132562	-0.022587	-0.005710	0.045151	0.198689	0.190871	0.448616
2021-07-29 06:20:22.000000 	275.000000	56.564458	-154.180966	450.800004	-0.034878	-0.009707	0.018998	0.327832	0.266517	0.485561	-0.172244	-0.019261	-0.006452	0.035483	0.242915	0.233356	0.548462
2021-07-29 06:20:23.000000 	276.000000	56.564458	-154.180966	450.800004	-0.028520	-0.015896	0.014503	0.280937	0.228402	0.416109	-0.147912	-0.019211	0.001888	0.030063	0.208174	0.199980	0.470012
2021-07-29 06:20:24.000000 	277.000000	56.564458	-154.180966	450.800004	-0.044138	-0.003351	0.041682	0.326844	0.265736	0.484109	-0.160580	-0.011408	-0.016207	0.057480	0.242198	0.232664	0.546819
2021-07-29 06:20:25.000000 	278.000000	56.564458	-154.180966	450.800004	-0.033849	-0.015976	0.012449	0.340621	0.276949	0.504521	-0.181886	-0.024374	-0.000361	0.031012	0.252415	0.242477	0.569874
2021-07-29 06:20:26.000000 	279.000000	56.564458	-154.180966	450.800004	-0.040003	-0.013050	0.013802	0.286959	0.233327	0.425042	-0.148572	-0.027189	-0.005675	0.034491	0.212655	0.204281	0.480098
2021-07-29 06:20:27.000000 	280.000000	56.564458	-154.180966	450.800004	-0.043333	-0.018630	0.022167	0.301709	0.245331	0.446895	-0.152403	-0.027109	-0.002102	0.044462	0.223593	0.214787	0.504780
2021-07-29 06:20:28.000000 	281.000000	56.564458	-154.180966	450.800004	-0.025591	-0.016344	0.006806	0.326176	0.265237	0.483141	-0.177984	-0.021414	0.003566	0.022294	0.241733	0.232211	0.545720
2021-07-29 06:20:29.000000 	282.000000	56.564458	-154.180966	450.800004	-0.043270	-0.024939	0.035381	0.296310	0.240961	0.438908	-0.143469	-0.022074	0.003604	0.056972	0.219605	0.210954	0.495756
2021-07-29 06:20:30.000000 	283.000000	56.564458	-154.180966	450.800004	-0.027623	-0.020205	0.015591	0.324680	0.264042	0.480935	-0.172734	-0.019503	0.006157	0.031561	0.240638	0.231157	0.543225
2021-07-29 06:20:31.000000 	284.000000	56.564458	-154.180966	450.800004	-0.037792	-0.004559	0.025137	0.335747	0.273053	0.497334	-0.174114	-0.016196	-0.012356	0.040815	0.248848	0.239042	0.561746
2021-07-29 06:20:32.000000 	285.000000	56.564458	-154.180966	450.800004	-0.030962	-0.008254	0.018495	0.239029	0.194403	0.354071	-0.122079	-0.016068	-0.006055	0.032772	0.177168	0.170185	0.399927
2021-07-29 06:20:33.000000 	286.000000	56.564458	-154.180966	450.800004	-0.046548	-0.017856	0.047158	0.365150	0.296990	0.540899	-0.178785	-0.015473	-0.004199	0.066727	0.270657	0.259988	0.610950
2021-07-29 06:20:34.000000 	287.000000	56.564458	-154.180966	450.800004	-0.022976	-0.021598	0.020616	0.340092	0.276621	0.503786	-0.180863	-0.013750	0.009435	0.033783	0.252091	0.242152	0.569029
2021-07-29 06:20:35.000000 	288.000000	56.564458	-154.180966	450.800004	-0.038220	-0.010796	0.001964	0.302639	0.246168	0.448311	-0.162971	-0.031553	-0.006928	0.023187	0.224337	0.215491	0.506368
2021-07-29 06:20:36.000000 	289.000000	56.564458	-154.180966	450.800004	-0.038736	-0.011770	0.022020	0.282111	0.229480	0.417906	-0.143171	-0.021243	-0.006276	0.040413	0.209126	0.200878	0.472024
2021-07-29 06:20:37.000000 	290.000000	56.564458	-154.180966	450.800004	-0.054869	-0.036720	0.037209	0.347713	0.282855	0.515091	-0.167922	-0.034062	0.009157	0.067078	0.257764	0.247597	0.581793
2021-07-29 06:20:38.000000 	291.000000	56.564458	-154.180966	450.800004	-0.019148	0.002296	0.007633	0.321408	0.261467	0.476129	-0.178543	-0.009344	-0.010407	0.015316	0.238271	0.228871	0.537784
2021-07-29 06:20:39.000000 	292.000000	56.564458	-154.180966	450.800004	-0.033432	-0.008528	0.036257	0.320877	0.261047	0.475348	-0.162004	-0.008236	-0.006884	0.048885	0.237885	0.228499	0.536901
2021-07-29 06:20:40.000000 	293.000000	56.564458	-154.180966	450.800004	-0.032643	-0.017925	0.016955	0.308885	0.251301	0.457587	-0.161899	-0.021694	0.001919	0.034642	0.229002	0.219965	0.516839
2021-07-29 06:20:41.000000 	294.000000	56.564458	-154.180966	450.800004	-0.046755	-0.014831	0.027759	0.323977	0.263591	0.479951	-0.162674	-0.025218	-0.007012	0.049915	0.240198	0.230718	0.542096
2021-07-29 06:20:42.000000 	295.000000	56.564458	-154.180966	450.800004	-0.031463	-0.010241	0.019529	0.299240	0.243474	0.443309	-0.156442	-0.016597	-0.004484	0.034360	0.221865	0.213107	0.500708
2021-07-29 06:20:43.000000 	296.000000	56.564458	-154.180966	450.800004	-0.032816	-0.003260	0.021952	0.267775	0.217882	0.396699	-0.137412	-0.013741	-0.011358	0.035378	0.198542	0.190703	0.448062
2021-07-29 06:20:44.000000 	297.000000	56.564458	-154.180966	450.800004	-0.030462	-0.015730	0.015681	0.343403	0.279430	0.508744	-0.183361	-0.019960	0.000893	0.031970	0.254624	0.244569	0.574612
2021-07-29 06:20:45.000000 	298.000000	56.564458	-154.180966	450.800004	-0.049708	-0.016336	0.026325	0.366539	0.298268	0.543025	-0.187035	-0.028773	-0.006944	0.050543	0.271787	0.261053	0.613330
2021-07-29 06:20:46.000000 	299.000000	56.564458	-154.180966	450.800004	-0.047846	-0.024245	0.031949	0.266884	0.217184	0.395391	-0.126355	-0.027150	0.000986	0.056211	0.197899	0.190082	0.446581
2021-07-29 06:20:47.000000 	300.000000	56.564458	-154.180966	450.800004	-0.019085	-0.023702	0.011847	0.321455	0.261604	0.476244	-0.174307	-0.016423	0.013024	0.025040	0.238373	0.228956	0.537900
2021-07-29 06:20:48.000000 	301.000000	56.564458	-154.180966	450.800004	-0.028381	-0.020122	0.016293	0.301781	0.245603	0.447101	-0.159025	-0.019656	0.005752	0.032502	0.223790	0.214948	0.504982
2021-07-29 06:20:49.000000 	302.000000	56.564458	-154.180966	450.800004	-0.034428	-0.009794	0.017940	0.365646	0.297592	0.541725	-0.194918	-0.019538	-0.006178	0.034397	0.271159	0.260443	0.611855
2021-07-29 06:20:50.000000 	303.000000	56.564458	-154.180966	450.800004	-0.044886	-0.011382	0.038602	0.293158	0.238605	0.434334	-0.141393	-0.016585	-0.009303	0.057209	0.217409	0.208816	0.490560
2021-07-29 06:20:51.000000 	304.000000	56.564458	-154.180966	450.800004	-0.030664	-0.007370	0.018454	0.268376	0.218444	0.397623	-0.139439	-0.015545	-0.006721	0.032377	0.199037	0.191169	0.449095
2021-07-29 06:20:52.000000 	305.000000	56.564458	-154.180966	450.800004	-0.034319	-0.013469	0.013453	0.355583	0.289438	0.526832	-0.190480	-0.023263	-0.002822	0.031481	0.263721	0.253294	0.595028
2021-07-29 06:20:53.000000 	306.000000	56.564458	-154.180966	450.800004	-0.036305	-0.006039	0.029819	0.316477	0.257617	0.468898	-0.161477	-0.013037	-0.010376	0.044340	0.234725	0.225444	0.529594
2021-07-29 06:20:54.000000 	307.000000	56.564458	-154.180966	450.800004	-0.034510	-0.016273	0.027057	0.304202	0.247635	0.450715	-0.154962	-0.016930	-0.000382	0.043601	0.225628	0.216704	0.509055
2021-07-29 06:20:55.000000 	308.000000	56.564458	-154.180966	450.800004	-0.029557	-0.015013	0.017696	0.329592	0.268315	0.488338	-0.174938	-0.017909	0.000642	0.033030	0.244467	0.234797	0.551547
2021-07-29 06:20:56.000000 	309.000000	56.564458	-154.180966	450.800004	-0.040268	-0.013374	0.024452	0.302766	0.246487	0.448597	-0.153756	-0.021638	-0.005499	0.043587	0.224577	0.215693	0.506660
2021-07-29 06:20:57.000000 	310.000000	56.564458	-154.180966	450.800004	-0.036201	-0.015833	0.009594	0.320822	0.261198	0.475354	-0.170927	-0.027662	-0.001514	0.029761	0.237977	0.228561	0.536879
2021-07-29 06:20:58.000000 	311.000000	56.564458	-154.180966	450.800004	-0.037965	-0.009715	0.024748	0.277908	0.226269	0.411774	-0.140193	-0.018414	-0.007790	0.041814	0.206152	0.197994	0.465069
2021-07-29 06:20:59.000000 	312.000000	56.564458	-154.180966	450.800004	-0.034642	-0.019118	0.038087	0.353042	0.287454	0.523105	-0.178724	-0.011986	0.002122	0.053554	0.261894	0.251529	0.590806
2021-07-29 06:21:00.000000 	313.000000	56.564458	-154.180966	450.800004	-0.044622	-0.015040	0.004144	0.326787	0.266088	0.484208	-0.173959	-0.036703	-0.005895	0.029199	0.242426	0.232829	0.546873
2021-07-29 06:21:01.000000 	314.000000	56.564458	-154.180966	450.800004	-0.025861	-0.016481	0.030086	0.263109	0.214247	0.389859	-0.132272	-0.008839	0.003572	0.041889	0.195193	0.187464	0.440312
2021-07-29 06:21:02.000000 	315.000000	56.564458	-154.180966	450.800004	-0.035686	-0.012356	0.026056	0.376861	0.306887	0.558415	-0.197752	-0.016941	-0.004420	0.042409	0.279590	0.268519	0.630680
2021-07-29 06:21:03.000000 	316.000000	56.564458	-154.180966	450.800004	-0.028625	-0.020929	0.022309	0.292156	0.237920	0.432908	-0.150995	-0.016818	0.006373	0.037838	0.216756	0.208171	0.488930
2021-07-29 06:21:04.000000 	317.000000	56.564458	-154.180966	450.800004	-0.036011	-0.010953	0.026667	0.314130	0.255825	0.465472	-0.161048	-0.016339	-0.005824	0.042744	0.233065	0.223834	0.525706
2021-07-29 06:21:05.000000 	318.000000	56.564458	-154.180966	450.800004	-0.026384	-0.017196	0.018152	0.297602	0.242375	0.440986	-0.156852	-0.016068	0.003989	0.032361	0.220810	0.212062	0.498050
2021-07-29 06:21:06.000000 	319.000000	56.564458	-154.180966	450.800004	-0.032613	-0.003451	0.015420	0.274103	0.223246	0.406169	-0.143781	-0.017256	-0.011097	0.029872	0.203381	0.195322	0.458726
2021-07-29 06:21:07.000000 	320.000000	56.564458	-154.180966	450.800004	-0.050138	-0.015357	0.035127	0.358073	0.291649	0.530602	-0.178791	-0.023890	-0.008013	0.057867	0.265694	0.255165	0.599259
2021-07-29 06:21:08.000000 	321.000000	56.564458	-154.180966	450.800004	-0.044752	-0.020304	0.022167	0.322908	0.263018	0.478498	-0.164374	-0.028784	-0.001214	0.045567	0.239609	0.230112	0.540412
2021-07-29 06:21:09.000000 	322.000000	56.564458	-154.180966	450.800004	-0.036642	-0.012954	0.023986	0.317175	0.258359	0.470006	-0.163517	-0.019018	-0.004297	0.041299	0.235362	0.226032	0.530819
2021-07-29 06:21:10.000000 	323.000000	56.564458	-154.180966	450.800004	-0.027322	-0.014121	0.008423	0.365698	0.297897	0.541916	-0.200332	-0.021015	0.000812	0.023969	0.271378	0.260618	0.612031
2021-07-29 06:21:11.000000 	324.000000	56.564458	-154.180966	450.800004	-0.035550	-0.012039	0.034249	0.284729	0.231949	0.421935	-0.140990	-0.012210	-0.004646	0.049103	0.211299	0.202920	0.476525
2021-07-29 06:21:12.000000 	325.000000	56.564458	-154.180966	450.800004	-0.044267	-0.019705	0.033137	0.303695	0.247410	0.450044	-0.149161	-0.022157	-0.001541	0.054338	0.225381	0.216442	0.508270
2021-07-29 06:21:13.000000 	326.000000	56.564458	-154.180966	450.800004	-0.033405	-0.018588	0.013741	0.275489	0.224441	0.408250	-0.143516	-0.024279	0.002183	0.032497	0.204455	0.196345	0.461067
2021-07-29 06:21:14.000000 	327.000000	56.564458	-154.180966	450.800004	-0.034083	-0.011345	0.028750	0.308572	0.251404	0.457280	-0.157563	-0.013885	-0.004631	0.043619	0.229015	0.219929	0.516439
2021-07-29 06:21:15.000000 	328.000000	56.564458	-154.180966	450.800004	-0.033285	-0.017223	0.016867	0.345894	0.281825	0.512595	-0.183564	-0.021970	0.001007	0.034718	0.256723	0.246537	0.578908
2021-07-29 06:21:16.000000 	329.000000	56.564458	-154.180966	450.800004	-0.041203	-0.006440	0.024369	0.295874	0.241080	0.438472	-0.150222	-0.019865	-0.012148	0.042318	0.219605	0.210890	0.495194
2021-07-29 06:21:17.000000 	330.000000	56.564458	-154.180966	450.800004	-0.030454	-0.009779	0.023268	0.355343	0.289547	0.526607	-0.188137	-0.013611	-0.004461	0.036869	0.263753	0.253284	0.594729
2021-07-29 06:21:18.000000 	331.000000	56.564458	-154.180966	450.800004	-0.040118	-0.024772	0.042335	0.312847	0.254931	0.463634	-0.151561	-0.015814	0.004827	0.061172	0.232218	0.223000	0.523608
