2021-07-29 06:12:43.000000 	-184.000000	60.081452	-152.623920	921.762046	-0.021764	-0.015118	-0.005114	0.379945	0.301523	0.556424	-0.211851	-0.025327	0.003418	0.008674	0.277551	0.266835	0.629799
2021-07-29 06:12:44.000000 	-183.000000	60.081452	-152.623920	921.762046	-0.026462	-0.016516	0.013853	0.299449	0.237648	0.438548	-0.156997	-0.020040	0.002498	0.027515	0.218750	0.210303	0.496379
2021-07-29 06:12:45.000000 	-182.000000	60.081452	-152.623920	921.762046	-0.040362	-0.020513	0.020623	0.254971	0.202356	0.373417	-0.124147	-0.028955	-0.000344	0.040456	0.186260	0.179066	0.422659
2021-07-29 06:12:46.000000 	-181.000000	60.081452	-152.623920	921.762046	-0.008178	-0.000157	-0.001746	0.377806	0.299852	0.553328	-0.214704	-0.007228	-0.003621	0.002145	0.275995	0.265334	0.626295
2021-07-29 06:12:47.000000 	-180.000000	60.081452	-152.623920	921.762046	-0.043415	-0.016447	0.024724	0.333498	0.264694	0.488447	-0.167358	-0.027639	-0.005359	0.044430	0.243629	0.234217	0.552858
2021-07-29 06:12:48.000000 	-179.000000	60.081452	-152.623920	921.762046	-0.028907	-0.015856	0.005230	0.295141	0.234257	0.432277	-0.157123	-0.025960	0.000788	0.020972	0.215609	0.207278	0.489281
2021-07-29 06:12:49.000000 	-178.000000	60.081452	-152.623920	921.762046	-0.030931	-0.015621	0.011571	0.396435	0.314665	0.580651	-0.212319	-0.024261	-0.000352	0.027311	0.289610	0.278419	0.657221
2021-07-29 06:12:50.000000 	-177.000000	60.081452	-152.623920	921.762046	-0.033041	-0.008684	0.032867	0.261725	0.207747	0.383352	-0.126868	-0.012499	-0.007481	0.045113	0.191201	0.183811	0.433904
2021-07-29 06:12:51.000000 	-176.000000	60.081452	-152.623920	921.762046	-0.023076	-0.017617	-0.004960	0.378729	0.300628	0.554740	-0.210434	-0.027256	0.005032	0.009962	0.276679	0.265984	0.627894
2021-07-29 06:12:52.000000 	-175.000000	60.081452	-152.623920	921.762046	-0.029046	-0.013581	0.010625	0.286431	0.227370	0.419557	-0.150318	-0.022469	-0.001296	0.025189	0.209253	0.201163	0.474884
2021-07-29 06:12:53.000000 	-174.000000	60.081452	-152.623920	921.762046	-0.033514	-0.016462	0.010806	0.295367	0.234471	0.432656	-0.153707	-0.026966	-0.000792	0.027986	0.215783	0.207440	0.489711
2021-07-29 06:12:54.000000 	-173.000000	60.081452	-152.623920	921.762046	-0.017367	-0.010634	0.003033	0.314548	0.249704	0.460762	-0.173052	-0.016093	0.001457	0.012760	0.229797	0.220911	0.521522
2021-07-29 06:12:55.000000 	-172.000000	60.081452	-152.623920	921.762046	-0.036845	-0.010552	0.020618	0.335547	0.266382	0.491534	-0.172713	-0.022280	-0.007572	0.036610	0.245140	0.235659	0.556352
2021-07-29 06:12:56.000000 	-171.000000	60.081452	-152.623920	921.762046	-0.019762	-0.007896	0.004891	0.304642	0.241855	0.446272	-0.166277	-0.015918	-0.002075	0.014803	0.222564	0.213955	0.505122
2021-07-29 06:12:57.000000 	-170.000000	60.081452	-152.623920	921.762046	-0.033987	-0.021808	0.028032	0.325200	0.258183	0.476396	-0.163544	-0.020868	0.003737	0.044351	0.237584	0.228393	0.539219
2021-07-29 06:12:58.000000 	-169.000000	60.081452	-152.623920	921.762046	-0.033866	-0.020473	0.012859	0.365351	0.290068	0.535227	-0.192591	-0.027811	0.002607	0.030840	0.266920	0.256592	0.605808
2021-07-29 06:12:59.000000 	-168.000000	60.081452	-152.623920	921.762046	-0.020987	-0.005798	0.014783	0.229141	0.181931	0.335692	-0.119051	-0.011091	-0.004502	0.023438	0.167408	0.160930	0.379960
2021-07-29 06:13:00.000000 	-167.000000	60.081452	-152.623920	921.762046	-0.044567	-0.008795	0.026407	0.347848	0.276188	0.509609	-0.175389	-0.024636	-0.012684	0.044644	0.254137	0.244301	0.576811
2021-07-29 06:13:01.000000 	-166.000000	60.081452	-152.623920	921.762046	-0.020809	-0.025299	-0.010615	0.275064	0.218405	0.402986	-0.152576	-0.031393	0.012897	0.005818	0.200962	0.193184	0.456128
2021-07-29 06:13:02.000000 	-165.000000	60.081452	-152.623920	921.762046	-0.035586	-0.005525	0.029203	0.391181	0.310612	0.573118	-0.202179	-0.015026	-0.011457	0.042340	0.285800	0.274736	0.648695
2021-07-29 06:13:03.000000 	-164.000000	60.081452	-152.623920	921.762046	-0.017758	-0.012067	-0.002406	0.321830	0.255552	0.471521	-0.179019	-0.019677	0.002550	0.008547	0.235133	0.226029	0.533700
2021-07-29 06:13:04.000000 	-163.000000	60.081452	-152.623920	921.762046	-0.039891	-0.020827	0.017007	0.304516	0.241811	0.446163	-0.154189	-0.030521	0.000152	0.037185	0.222485	0.213870	0.504999
2021-07-29 06:13:05.000000 	-162.000000	60.081452	-152.623920	921.762046	-0.021740	-0.009623	0.006852	0.323197	0.256653	0.473545	-0.175427	-0.017150	-0.001452	0.017774	0.236136	0.226991	0.535992
2021-07-29 06:13:06.000000 	-161.000000	60.081452	-152.623920	921.762046	-0.043823	-0.019865	0.038917	0.317797	0.252372	0.465642	-0.152389	-0.022236	-0.002510	0.057696	0.232192	0.223198	0.527047
2021-07-29 06:13:07.000000 	-160.000000	60.081452	-152.623920	921.762046	-0.015416	-0.005927	-0.009263	0.309189	0.245544	0.453040	-0.175678	-0.018847	-0.001826	0.000159	0.225905	0.217153	0.512783
2021-07-29 06:13:08.000000 	-159.000000	60.081452	-152.623920	921.762046	-0.034902	-0.024866	0.032471	0.357520	0.283935	0.523869	-0.179770	-0.020578	0.006032	0.049305	0.261220	0.251099	0.592952
2021-07-29 06:13:09.000000 	-158.000000	60.081452	-152.623920	921.762046	-0.023886	-0.010784	-0.005873	0.315268	0.250386	0.461967	-0.174898	-0.025611	-0.001407	0.007963	0.230350	0.221424	0.522887
2021-07-29 06:13:10.000000 	-157.000000	60.081452	-152.623920	921.762046	-0.031951	-0.009654	0.026788	0.331536	0.263314	0.485815	-0.169579	-0.015078	-0.006119	0.039583	0.242239	0.232850	0.549880
2021-07-29 06:13:11.000000 	-156.000000	60.081452	-152.623920	921.762046	-0.035319	-0.015385	0.024271	0.290001	0.230333	0.424961	-0.145114	-0.021210	-0.002578	0.040208	0.211892	0.203679	0.481001
2021-07-29 06:13:12.000000 	-155.000000	60.081452	-152.623920	921.762046	-0.038234	-0.017689	0.006119	0.337798	0.268303	0.495012	-0.178280	-0.033425	-0.001873	0.026295	0.246818	0.237249	0.560289
2021-07-29 06:13:13.000000 	-154.000000	60.081452	-152.623920	921.762046	-0.008388	-0.004307	-0.004920	0.240005	0.190635	0.351713	-0.136570	-0.010626	-0.000033	0.000439	0.175365	0.168566	0.398094
2021-07-29 06:13:14.000000 	-153.000000	60.081452	-152.623920	921.762046	-0.036127	-0.021056	0.016927	0.273429	0.217190	0.400703	-0.137455	-0.027755	0.002085	0.035501	0.199789	0.192042	0.453544
2021-07-29 06:13:15.000000 	-152.000000	60.081452	-152.623920	921.762046	-0.030603	-0.015211	0.013432	0.381925	0.303379	0.559713	-0.203453	-0.022917	-0.000565	0.028685	0.279067	0.268244	0.633522
2021-07-29 06:13:16.000000 	-151.000000	60.081452	-152.623920	921.762046	-0.034333	-0.012239	0.032003	0.386560	0.307070	0.566517	-0.198175	-0.015341	-0.004919	0.045752	0.282456	0.271500	0.641224
2021-07-29 06:13:17.000000 	-150.000000	60.081452	-152.623920	921.762046	-0.032053	-0.017424	0.013843	0.256053	0.203406	0.375262	-0.130301	-0.024710	0.000734	0.030191	0.187097	0.179839	0.424748
2021-07-29 06:13:18.000000 	-149.000000	60.081452	-152.623920	921.762046	-0.025606	-0.007582	0.006680	0.353004	0.280431	0.517362	-0.191686	-0.019398	-0.005042	0.018870	0.257942	0.247934	0.585587
2021-07-29 06:13:19.000000 	-148.000000	60.081452	-152.623920	921.762046	-0.027923	-0.025347	0.021322	0.315463	0.250615	0.462351	-0.161861	-0.020959	0.009669	0.036661	0.230512	0.221567	0.523321
2021-07-29 06:13:20.000000 	-147.000000	60.081452	-152.623920	921.762046	-0.023098	-0.000133	-0.002455	0.312174	0.248010	0.457541	-0.173157	-0.019056	-0.010503	0.008133	0.228111	0.219258	0.517877
2021-07-29 06:13:21.000000 	-146.000000	60.081452	-152.623920	921.762046	-0.028958	-0.025296	0.004982	0.275099	0.218562	0.403210	-0.144491	-0.029885	0.009147	0.022946	0.201022	0.193219	0.456382
2021-07-29 06:13:22.000000 	-145.000000	60.081452	-152.623920	921.762046	-0.025440	-0.009909	0.018071	0.321078	0.255099	0.470611	-0.168830	-0.014516	-0.002899	0.029203	0.234622	0.225513	0.532671
2021-07-29 06:13:23.000000 	-144.000000	60.081452	-152.623920	921.762046	-0.044333	-0.021288	0.022274	0.334997	0.266166	0.491022	-0.168356	-0.031497	-0.001481	0.043823	0.244794	0.235290	0.555774
2021-07-29 06:13:24.000000 	-143.000000	60.081452	-152.623920	921.762046	-0.028897	-0.005015	0.019555	0.330601	0.262681	0.484590	-0.173194	-0.014487	-0.008834	0.030898	0.241585	0.232203	0.548493
2021-07-29 06:13:25.000000 	-142.000000	60.081452	-152.623920	921.762046	-0.021954	-0.012165	-0.000244	0.323535	0.257074	0.474242	-0.177984	-0.021867	0.000708	0.012302	0.236423	0.227241	0.536780
2021-07-29 06:13:26.000000 	-141.000000	60.081452	-152.623920	921.762046	-0.030397	-0.008870	0.023990	0.293622	0.233313	0.430405	-0.149453	-0.014966	-0.006101	0.036290	0.214566	0.206232	0.487162
2021-07-29 06:13:27.000000 	-140.000000	60.081452	-152.623920	921.762046	-0.033700	-0.019517	0.015331	0.325615	0.258743	0.477311	-0.169018	-0.026070	0.001835	0.032690	0.237948	0.228703	0.540254
2021-07-29 06:13:28.000000 	-139.000000	60.081452	-152.623920	921.762046	-0.034255	-0.018196	0.013438	0.241916	0.192239	0.354627	-0.121534	-0.026914	0.000407	0.030993	0.176785	0.169916	0.401391
2021-07-29 06:13:29.000000 	-138.000000	60.081452	-152.623920	921.762046	-0.029619	-0.013069	0.007148	0.373216	0.296586	0.547112	-0.201374	-0.024440	-0.002014	0.022312	0.272738	0.262139	0.619259
2021-07-29 06:13:30.000000 	-137.000000	60.081452	-152.623920	921.762046	-0.021430	-0.012410	0.010278	0.342823	0.272441	0.502567	-0.185185	-0.016314	0.001166	0.021246	0.250529	0.240792	0.568841
2021-07-29 06:13:31.000000 	-136.000000	60.081452	-152.623920	921.762046	-0.033844	-0.014828	0.018933	0.324862	0.258176	0.476248	-0.167709	-0.022515	-0.002395	0.034801	0.237406	0.228178	0.539050
2021-07-29 06:13:32.000000 	-135.000000	60.081452	-152.623920	921.762046	-0.035980	-0.019529	0.015373	0.325913	0.259019	0.477798	-0.168493	-0.027808	0.000797	0.033739	0.238176	0.228917	0.540805
2021-07-29 06:13:33.000000 	-134.000000	60.081452	-152.623920	921.762046	-0.021553	-0.010712	0.001256	0.314046	0.249595	0.460410	-0.172262	-0.020232	-0.000398	0.013091	0.229506	0.220582	0.521124
2021-07-29 06:13:34.000000 	-133.000000	60.081452	-152.623920	921.762046	-0.023123	-0.014745	-0.002959	0.315401	0.250679	0.462407	-0.173701	-0.025149	0.002461	0.011059	0.230499	0.221535	0.523384
2021-07-29 06:13:35.000000 	-132.000000	60.081452	-152.623920	921.762046	-0.040995	-0.018507	0.046562	0.308930	0.245544	0.452929	-0.145297	-0.015705	-0.002416	0.062759	0.225771	0.216990	0.512656
2021-07-29 06:13:36.000000 	-131.000000	60.081452	-152.623920	921.762046	-0.019909	-0.011586	-0.001895	0.359276	0.285568	0.526753	-0.199773	-0.020886	0.001134	0.009833	0.262568	0.252354	0.596216
2021-07-29 06:13:37.000000 	-130.000000	60.081452	-152.623920	921.762046	-0.032923	-0.010858	0.024678	0.298112	0.236959	0.437086	-0.150832	-0.017359	-0.005497	0.038461	0.217869	0.209393	0.494724
2021-07-29 06:13:38.000000 	-129.000000	60.081452	-152.623920	921.762046	-0.035684	-0.009326	0.023506	0.295452	0.234852	0.433195	-0.149079	-0.019458	-0.008127	0.038317	0.215928	0.207526	0.490320
2021-07-29 06:13:39.000000 	-128.000000	60.081452	-152.623920	921.762046	-0.028736	-0.017295	0.015889	0.353922	0.281338	0.518935	-0.186787	-0.021086	0.002145	0.030466	0.258662	0.248596	0.587367
2021-07-29 06:13:40.000000 	-127.000000	60.081452	-152.623920	921.762046	-0.035696	-0.007679	0.015594	0.312615	0.248510	0.458378	-0.162119	-0.022757	-0.009595	0.031087	0.228475	0.219583	0.518824
2021-07-29 06:13:41.000000 	-126.000000	60.081452	-152.623920	921.762046	-0.025592	-0.022367	0.005803	0.347966	0.276620	0.510223	-0.187499	-0.025717	0.008094	0.021494	0.254314	0.244414	0.577505
2021-07-29 06:13:42.000000 	-125.000000	60.081452	-152.623920	921.762046	-0.027509	-0.012380	0.003968	0.325266	0.258583	0.476948	-0.175759	-0.024128	-0.001656	0.018463	0.237726	0.228471	0.539843
2021-07-29 06:13:43.000000 	-124.000000	60.081452	-152.623920	921.762046	-0.032439	-0.019108	0.033488	0.330205	0.262517	0.484201	-0.165099	-0.015880	0.002052	0.047775	0.241338	0.231941	0.548051
2021-07-29 06:13:44.000000 	-123.000000	60.081452	-152.623920	921.762046	-0.018153	-0.015505	0.000093	0.268457	0.213433	0.393664	-0.146979	-0.020105	0.005421	0.011677	0.196210	0.188569	0.445575
2021-07-29 06:13:45.000000 	-122.000000	60.081452	-152.623920	921.762046	-0.041821	-0.010113	0.028939	0.324282	0.257824	0.475535	-0.161630	-0.021785	-0.010250	0.045925	0.237014	0.227783	0.538243
2021-07-29 06:13:46.000000 	-121.000000	60.081452	-152.623920	921.762046	-0.022633	-0.018189	0.001441	0.382702	0.304281	0.561215	-0.210441	-0.023951	0.005745	0.015445	0.279715	0.268819	0.635221
2021-07-29 06:13:47.000000 	-120.000000	60.081452	-152.623920	921.762046	-0.031656	-0.011923	0.011349	0.267438	0.212643	0.392194	-0.138560	-0.023456	-0.003969	0.026592	0.195471	0.187856	0.443911
2021-07-29 06:13:48.000000 	-119.000000	60.081452	-152.623920	921.762046	-0.028859	-0.014447	0.004548	0.318571	0.253306	0.467188	-0.171072	-0.025702	-0.000441	0.020037	0.232847	0.223773	0.528795
2021-07-29 06:13:49.000000 	-118.000000	60.081452	-152.623920	921.762046	-0.028268	-0.010346	0.036243	0.334188	0.265732	0.490101	-0.168398	-0.007804	-0.003811	0.046306	0.244264	0.234744	0.554729
2021-07-29 06:13:50.000000 	-117.000000	60.081452	-152.623920	921.762046	-0.036919	-0.017829	0.019199	0.343496	0.273142	0.503762	-0.177089	-0.025945	-0.001144	0.037081	0.251070	0.241284	0.570191
2021-07-29 06:13:51.000000 	-116.000000	60.081452	-152.623920	921.762046	-0.026371	-0.006138	0.012398	0.262448	0.208700	0.384907	-0.137498	-0.016559	-0.006676	0.023833	0.191832	0.184353	0.435663
2021-07-29 06:13:52.000000 	-115.000000	60.081452	-152.623920	921.762046	-0.041516	-0.030304	0.018204	0.330428	0.262767	0.484617	-0.167027	-0.034951	0.007820	0.041116	0.241523	0.232106	0.548521
2021-07-29 06:13:53.000000 	-114.000000	60.081452	-152.623920	921.762046	-0.012736	-0.001219	-0.000437	0.321347	0.255554	0.471309	-0.180590	-0.010507	-0.004774	0.005541	0.234888	0.225729	0.533458
2021-07-29 06:13:54.000000 	-113.000000	60.081452	-152.623920	921.762046	-0.029608	-0.021037	0.017411	0.330791	0.263071	0.485169	-0.172258	-0.022489	0.005066	0.033029	0.241793	0.232363	0.549146
2021-07-29 06:13:55.000000 	-112.000000	60.081452	-152.623920	921.762046	-0.033731	-0.017130	0.015267	0.262393	0.208683	0.384859	-0.132971	-0.025174	-0.000299	0.032101	0.191800	0.184319	0.435608
2021-07-29 06:13:56.000000 	-111.000000	60.081452	-152.623920	921.762046	-0.032427	-0.014291	0.008107	0.340143	0.270526	0.498906	-0.181093	-0.026610	-0.002220	0.024666	0.248634	0.238935	0.564694
2021-07-29 06:13:57.000000 	-110.000000	60.081452	-152.623920	921.762046	-0.031441	-0.012504	0.014275	0.325197	0.258647	0.476994	-0.170668	-0.022062	-0.003354	0.029166	0.237712	0.228437	0.539892
2021-07-29 06:13:58.000000 	-109.000000	60.081452	-152.623920	921.762046	-0.033144	-0.016232	0.032617	0.298918	0.237753	0.438456	-0.147602	-0.015711	-0.000827	0.046673	0.218505	0.209978	0.496273
2021-07-29 06:13:59.000000 	-108.000000	60.081452	-152.623920	921.762046	-0.026706	-0.013216	0.010942	0.314892	0.250466	0.461898	-0.167341	-0.020365	-0.000544	0.024344	0.230184	0.221201	0.522805
2021-07-29 06:14:00.000000 	-107.000000	60.081452	-152.623920	921.762046	-0.024610	-0.012891	0.008468	0.358214	0.284934	0.525455	-0.193784	-0.019856	0.000131	0.021196	0.261855	0.251634	0.594743
2021-07-29 06:14:01.000000 	-106.000000	60.081452	-152.623920	921.762046	-0.025665	-0.013004	0.023542	0.273698	0.217714	0.401488	-0.139176	-0.013194	-0.000254	0.034755	0.200076	0.192265	0.454430
2021-07-29 06:14:02.000000 	-105.000000	60.081452	-152.623920	921.762046	-0.031670	-0.018724	0.019715	0.387005	0.307854	0.567710	-0.203335	-0.022005	0.002065	0.035409	0.282907	0.271861	0.642570
2021-07-29 06:14:03.000000 	-104.000000	60.081452	-152.623920	921.762046	-0.027460	-0.009895	0.002217	0.275835	0.219427	0.404639	-0.148317	-0.023973	-0.003840	0.016354	0.201642	0.193768	0.457996
2021-07-29 06:14:04.000000 	-103.000000	60.081452	-152.623920	921.762046	-0.029447	-0.002814	0.010169	0.372820	0.296588	0.546924	-0.201112	-0.018714	-0.011041	0.022501	0.272544	0.261899	0.619043
2021-07-29 06:14:05.000000 	-102.000000	60.081452	-152.623920	921.762046	-0.029342	-0.019623	0.024498	0.311897	0.248130	0.457559	-0.158942	-0.018186	0.003933	0.038729	0.228009	0.219103	0.517893
2021-07-29 06:14:06.000000 	-101.000000	60.081452	-152.623920	921.762046	-0.020023	-0.023447	-0.010092	0.340356	0.270779	0.499319	-0.190540	-0.029790	0.011614	0.005499	0.248817	0.239096	0.565160
2021-07-29 06:14:07.000000 	-100.000000	60.081452	-152.623920	921.762046	-0.034223	-0.008062	0.030080	0.294088	0.233976	0.431450	-0.146338	-0.014551	-0.008578	0.043078	0.214995	0.206594	0.488341
2021-07-29 06:14:08.000000 	-99.000000	60.081452	-152.623920	921.762046	-0.032139	-0.010411	0.023428	0.341120	0.271404	0.500460	-0.176324	-0.017201	-0.005533	0.036929	0.249381	0.239635	0.566451
2021-07-29 06:14:09.000000 	-98.000000	60.081452	-152.623920	921.762046	-0.022460	-0.014838	0.003374	0.303093	0.241156	0.444679	-0.164497	-0.021517	0.002848	0.016275	0.221583	0.212923	0.503315
2021-07-29 06:14:10.000000 	-97.000000	60.081452	-152.623920	921.762046	-0.029184	-0.015714	0.021143	0.354258	0.281875	0.519756	-0.185053	-0.018179	0.000535	0.034855	0.258992	0.248867	0.588291
2021-07-29 06:14:11.000000 	-96.000000	60.081452	-152.623920	921.762046	-0.038281	-0.013946	0.019274	0.324706	0.258369	0.476407	-0.166297	-0.025409	-0.005218	0.036859	0.237389	0.228108	0.539226
2021-07-29 06:14:12.000000 	-95.000000	60.081452	-152.623920	921.762046	-0.036093	-0.012403	0.022073	0.332776	0.264799	0.488258	-0.170692	-0.021714	-0.005583	0.037961	0.243292	0.233779	0.552640
2021-07-29 06:14:13.000000 	-94.000000	60.081452	-152.623920	921.762046	-0.011266	-0.010640	-0.000092	0.282399	0.224719	0.414352	-0.157604	-0.012957	0.004268	0.007350	0.206464	0.198389	0.468988
2021-07-29 06:14:14.000000 	-93.000000	60.081452	-152.623920	921.762046	-0.034788	-0.023809	0.026446	0.345976	0.275319	0.507645	-0.175715	-0.023074	0.005146	0.043791	0.252948	0.243054	0.574583
2021-07-29 06:14:15.000000 	-92.000000	60.081452	-152.623920	921.762046	-0.042778	-0.011679	0.016299	0.343638	0.273467	0.504224	-0.177162	-0.029450	-0.009300	0.035752	0.251241	0.241413	0.570711
2021-07-29 06:14:16.000000 	-91.000000	60.081452	-152.623920	921.762046	-0.010178	-0.011398	0.003352	0.307751	0.244916	0.451575	-0.171033	-0.010705	0.005441	0.010027	0.225006	0.216203	0.511120
2021-07-29 06:14:17.000000 	-90.000000	60.081452	-152.623920	921.762046	-0.030586	-0.015020	0.031877	0.301470	0.239925	0.442368	-0.150252	-0.013628	-0.000727	0.044621	0.220416	0.211791	0.500698
2021-07-29 06:14:18.000000 	-89.000000	60.081452	-152.623920	921.762046	-0.041938	-0.014057	0.034805	0.411011	0.327114	0.603118	-0.208829	-0.020521	-0.006802	0.051965	0.300510	0.288749	0.682644
2021-07-29 06:14:19.000000 	-88.000000	60.081452	-152.623920	921.762046	-0.021954	-0.005636	-0.011514	0.253189	0.201514	0.371538	-0.142481	-0.024886	-0.005090	0.001037	0.185121	0.177875	0.420528
2021-07-29 06:14:20.000000 	-87.000000	60.081452	-152.623920	921.762046	-0.025802	-0.016835	0.021842	0.349777	0.278397	0.513284	-0.183063	-0.015674	0.003085	0.034220	0.255745	0.245733	0.580964
2021-07-29 06:14:21.000000 	-86.000000	60.081452	-152.623920	921.762046	-0.036341	-0.024820	0.015671	0.236346	0.188120	0.346835	-0.116021	-0.030046	0.005330	0.035371	0.172810	0.166044	0.392568
2021-07-29 06:14:22.000000 	-85.000000	60.081452	-152.623920	921.762046	-0.018559	-0.012321	0.009306	0.385835	0.307116	0.566220	-0.211104	-0.014553	0.002407	0.019112	0.282116	0.271068	0.640880
2021-07-29 06:14:23.000000 	-84.000000	60.081452	-152.623920	921.762046	-0.031659	-0.007011	0.019294	0.263636	0.209854	0.386897	-0.133899	-0.017538	-0.008332	0.032353	0.192768	0.185218	0.437912
2021-07-29 06:14:24.000000 	-83.000000	60.081452	-152.623920	921.762046	-0.043075	-0.019917	0.027910	0.365428	0.290890	0.536293	-0.184354	-0.027171	-0.002121	0.047837	0.267201	0.256734	0.607006
2021-07-29 06:14:25.000000 	-82.000000	60.081452	-152.623920	921.762046	-0.026960	-0.005597	0.028669	0.287805	0.229108	0.422384	-0.145654	-0.008682	-0.007426	0.038073	0.210445	0.202201	0.478077
2021-07-29 06:14:26.000000 	-81.000000	60.081452	-152.623920	921.762046	-0.025202	-0.018086	0.006085	0.346834	0.276106	0.509024	-0.187442	-0.023570	0.004472	0.020584	0.253611	0.243673	0.576141
2021-07-29 06:14:27.000000 	-80.000000	60.081452	-152.623920	921.762046	-0.031443	-0.005755	0.010480	0.313123	0.249278	0.459559	-0.165887	-0.021267	-0.009347	0.024330	0.228964	0.219991	0.520154
2021-07-29 06:14:28.000000 	-79.000000	60.081452	-152.623920	921.762046	-0.018191	-0.011321	0.013426	0.390375	0.310788	0.572949	-0.212331	-0.011817	0.001688	0.022290	0.285456	0.274267	0.648495
2021-07-29 06:14:29.000000 	-78.000000	60.081452	-152.623920	921.762046	-0.023325	-0.016727	0.003190	0.275750	0.219539	0.404724	-0.148405	-0.023028	0.004128	0.016932	0.201640	0.193736	0.458088
2021-07-29 06:14:30.000000 	-77.000000	60.081452	-152.623920	921.762046	-0.042917	-0.016548	0.035816	0.227085	0.180800	0.333303	-0.101999	-0.021763	-0.005040	0.053846	0.166056	0.159546	0.377250
2021-07-29 06:14:31.000000 	-76.000000	60.081452	-152.623920	921.762046	-0.009884	-0.014285	-0.023985	0.198412	0.156028	0.353427	-0.111375	-0.025263	0.008140	-0.013134	0.157559	0.150022	0.375888
2021-07-29 06:14:32.000000 	-75.000000	60.081452	-152.623920	921.762046	-0.016100	-0.016974	-0.016189	0.318518	0.250465	0.567437	-0.169254	-0.027231	0.007670	-0.003008	0.252935	0.240831	0.603486
2021-07-29 06:14:33.000000 	-74.000000	60.081452	-152.623920	921.762046	-0.022563	-0.019520	0.005145	0.364826	0.286867	0.650013	-0.182094	-0.022579	0.006959	0.018930	0.289710	0.275839	0.691295
2021-07-29 06:14:34.000000 	-73.000000	60.081452	-152.623920	921.762046	-0.027784	-0.014644	-0.016961	0.379160	0.298125	0.675632	-0.198093	-0.035681	0.000228	0.000964	0.301093	0.286670	0.718528
2021-07-29 06:14:35.000000 	-72.000000	60.081452	-152.623920	921.762046	-0.017273	-0.012559	-0.001851	0.330935	0.260195	0.589771	-0.169173	-0.019223	0.003210	0.008927	0.262798	0.250204	0.627204
2021-07-29 06:14:36.000000 	-71.000000	60.081452	-152.623920	921.762046	-0.020046	-0.024450	0.007355	0.312511	0.245698	0.557003	-0.154061	-0.021504	0.012494	0.020861	0.248168	0.236269	0.592346
2021-07-29 06:14:37.000000 	-70.000000	60.081452	-152.623920	921.762046	-0.037090	-0.020585	0.008633	0.405820	0.319044	0.723398	-0.197798	-0.032445	0.001225	0.028631	0.322266	0.306807	0.769284
2021-07-29 06:14:38.000000 	-69.000000	60.081452	-152.623920	921.762046	-0.016936	-0.010695	-0.024323	0.321181	0.252493	0.572594	-0.174137	-0.029429	0.001710	-0.011127	0.255054	0.242813	0.608903
2021-07-29 06:14:39.000000 	-68.000000	60.081452	-152.623920	921.762046	-0.015503	-0.017106	-0.005020	0.376100	0.295653	0.670582	-0.194577	-0.021254	0.008062	0.006438	0.298666	0.284326	0.713091
2021-07-29 06:14:40.000000 	-67.000000	60.081452	-152.623920	921.762046	-0.026880	-0.023655	-0.009902	0.357941	0.281366	0.638281	-0.183715	-0.035055	0.008646	0.008748	0.284247	0.270592	0.678730
2021-07-29 06:14:41.000000 	-66.000000	60.081452	-152.623920	921.762046	-0.020975	-0.013176	-0.011210	0.347640	0.273256	0.619987	-0.180987	-0.026986	0.002055	0.002596	0.276068	0.262800	0.659265
2021-07-29 06:14:42.000000 	-65.000000	60.081452	-152.623920	921.762046	-0.021608	-0.010678	-0.014611	0.338082	0.265732	0.603013	-0.177343	-0.028174	-0.000454	-0.000645	0.268478	0.255569	0.641203
2021-07-29 06:14:43.000000 	-64.000000	60.081452	-152.623920	921.762046	-0.023518	-0.030123	-0.002769	1.569137	1.233282	2.799094	-0.815557	-0.031488	0.015935	0.014925	1.246088	1.186143	2.976312
2021-07-29 06:14:44.000000 	-63.000000	60.081452	-152.623920	921.762046	-0.028758	-0.008711	0.009401	0.346348	0.272204	0.617904	-0.168933	-0.020917	-0.005488	0.022883	0.275044	0.261806	0.657013
2021-07-29 06:14:45.000000 	-62.000000	60.081452	-152.623920	921.762046	-0.022468	-0.014701	-0.007278	0.294830	0.231704	0.526056	-0.150987	-0.026782	0.002723	0.007014	0.234132	0.222858	0.559341
2021-07-29 06:14:46.000000 	-61.000000	60.081452	-152.623920	921.762046	-0.023389	-0.017325	-0.004322	0.345860	0.271796	0.617181	-0.176108	-0.027062	0.004629	0.010587	0.274657	0.261426	0.656220
2021-07-29 06:14:47.000000 	-60.000000	60.081452	-152.623920	921.762046	-0.025605	-0.027115	-0.022879	0.281847	0.221481	0.503011	-0.149377	-0.041925	0.012305	-0.002270	0.223823	0.213036	0.534818
2021-07-29 06:14:48.000000 	-59.000000	60.081452	-152.623920	921.762046	-0.020819	-0.012376	0.010383	0.307143	0.241349	0.548222	-0.150069	-0.015778	0.001417	0.021058	0.243912	0.232151	0.582877
2021-07-29 06:14:49.000000 	-58.000000	60.081452	-152.623920	921.762046	-0.015166	-0.017420	-0.020080	0.349083	0.274293	0.623156	-0.187123	-0.028631	0.008495	-0.006691	0.277219	0.263845	0.662536
2021-07-29 06:14:50.000000 	-57.000000	60.081452	-152.623920	921.762046	-0.037262	-0.018668	0.025143	0.276021	0.219903	0.405285	-0.135894	-0.023579	-0.000556	0.042578	0.201892	0.193953	0.458718
2021-07-29 06:14:51.000000 	-56.000000	60.081452	-152.623920	921.762046	-0.030727	-0.011270	0.027947	0.349703	0.278614	0.513483	-0.179891	-0.014203	-0.004121	0.040417	0.255789	0.245729	0.581182
2021-07-29 06:14:52.000000 	-55.000000	60.081452	-152.623920	921.762046	-0.028079	-0.015626	0.000474	0.281153	0.224006	0.412836	-0.151253	-0.027603	0.000964	0.016431	0.205651	0.197562	0.467264
2021-07-29 06:14:53.000000 	-54.000000	60.081452	-152.623920	921.762046	-0.023839	-0.016051	0.015368	0.296777	0.236462	0.435786	-0.155845	-0.017080	0.003291	0.027560	0.217082	0.208542	0.493241
2021-07-29 06:14:54.000000 	-53.000000	60.081452	-152.623920	921.762046	-0.034281	-0.011409	0.012407	0.240439	0.191579	0.353065	-0.121924	-0.024743	-0.005632	0.028554	0.175875	0.168955	0.399613
2021-07-29 06:14:55.000000 	-52.000000	60.081452	-152.623920	921.762046	-0.028817	-0.019287	0.022985	0.348714	0.277861	0.512069	-0.180945	-0.018402	0.003876	0.037109	0.255079	0.245041	0.579579
2021-07-29 06:14:56.000000 	-51.000000	60.081452	-152.623920	921.762046	-0.027267	-0.001945	0.015156	0.345336	0.275178	0.507118	-0.184236	-0.014202	-0.010811	0.025659	0.252611	0.242669	0.573976
2021-07-29 06:14:57.000000 	-50.000000	60.081452	-152.623920	921.762046	-0.032861	-0.013015	0.018906	0.292387	0.232994	0.429373	-0.149664	-0.021050	-0.003553	0.033926	0.213883	0.205463	0.485980
2021-07-29 06:14:58.000000 	-49.000000	60.081452	-152.623920	921.762046	-0.036258	-0.017891	0.023689	0.393701	0.313738	0.578164	-0.204529	-0.023222	-0.000786	0.040695	0.287998	0.276660	0.654387
2021-07-29 06:14:59.000000 	-48.000000	60.081452	-152.623920	921.762046	-0.026831	-0.013032	0.015838	0.204674	0.163109	0.300576	-0.102183	-0.017945	-0.000765	0.028600	0.149724	0.143828	0.340203
2021-07-29 06:15:00.000000 	-47.000000	60.081452	-152.623920	921.762046	-0.023736	-0.007016	0.007848	0.332589	0.265055	0.488436	-0.180284	-0.017150	-0.004684	0.018924	0.243300	0.233718	0.552829
2021-07-29 06:15:01.000000 	-46.000000	60.081452	-152.623920	921.762046	-0.026480	-0.023253	0.025143	0.326137	0.259922	0.478970	-0.167340	-0.017108	0.008472	0.038853	0.238584	0.229186	0.542115
2021-07-29 06:15:02.000000 	-45.000000	60.081452	-152.623920	921.762046	-0.038326	-0.002602	0.017235	0.215502	0.171755	0.316495	-0.105229	-0.021939	-0.015312	0.032509	0.157651	0.151441	0.358220
2021-07-29 06:15:03.000000 	-44.000000	60.081452	-152.623920	921.762046	-0.029158	-0.019360	0.027147	0.443503	0.353483	0.651361	-0.233646	-0.016618	0.003784	0.040883	0.324451	0.311668	0.737232
2021-07-29 06:15:04.000000 	-43.000000	60.081452	-152.623920	921.762046	-0.022367	-0.021810	0.001176	0.224224	0.178718	0.329317	-0.119140	-0.025321	0.009083	0.015928	0.164036	0.157572	0.372732
2021-07-29 06:15:05.000000 	-42.000000	60.081452	-152.623920	921.762046	-0.035454	-0.007759	0.010376	0.325454	0.259412	0.478002	-0.171664	-0.025205	-0.009413	0.026476	0.238097	0.228713	0.541019
2021-07-29 06:15:06.000000 	-41.000000	60.081452	-152.623920	921.762046	-0.030993	-0.010681	0.013351	0.352804	0.281221	0.518183	-0.187315	-0.021452	-0.004766	0.027749	0.258110	0.247936	0.586496
2021-07-29 06:15:07.000000 	-40.000000	60.081452	-152.623920	921.762046	-0.030234	-0.017940	0.037771	0.218269	0.173989	0.320590	-0.099897	-0.011581	0.002028	0.050243	0.159687	0.153391	0.362853
2021-07-29 06:15:08.000000 	-39.000000	60.081452	-152.623920	921.762046	-0.014164	-0.002582	-0.016654	0.338459	0.269805	0.497132	-0.196092	-0.020237	-0.004220	-0.007569	0.247622	0.237858	0.562669
2021-07-29 06:15:09.000000 	-38.000000	60.081452	-152.623920	921.762046	-0.043795	-0.026285	0.049269	0.309673	0.246866	0.454859	-0.143091	-0.019609	0.003203	0.068129	0.226565	0.217630	0.514823
2021-07-29 06:15:10.000000 	-37.000000	60.081452	-152.623920	921.762046	-0.021277	-0.002578	0.012132	0.293109	0.233668	0.430536	-0.157138	-0.011352	-0.007495	0.020530	0.214449	0.205990	0.487293
2021-07-29 06:15:11.000000 	-36.000000	60.081452	-152.623920	921.762046	-0.037768	-0.024064	0.025269	0.318328	0.253782	0.467589	-0.159456	-0.026056	0.004002	0.044149	0.232903	0.223716	0.529231
2021-07-29 06:15:12.000000 	-35.000000	60.081452	-152.623920	921.762046	-0.025712	-0.008360	0.011181	0.298609	0.238069	0.438632	-0.158819	-0.017545	-0.004399	0.022996	0.218479	0.209859	0.496455
2021-07-29 06:15:13.000000 	-34.000000	60.081452	-152.623920	921.762046	-0.035283	-0.019562	0.024980	0.311819	0.248609	0.458044	-0.157098	-0.022494	0.001147	0.041765	0.228147	0.219145	0.518427
2021-07-29 06:15:14.000000 	-33.000000	60.081452	-152.623920	921.762046	-0.017645	-0.008599	-0.016278	0.327515	0.261132	0.481110	-0.188035	-0.025127	-0.000478	-0.004322	0.239635	0.230178	0.544533
2021-07-29 06:15:15.000000 	-32.000000	60.081452	-152.623920	921.762046	-0.042296	-0.014118	0.053216	0.236497	0.188568	0.347413	-0.101049	-0.011638	-0.006912	0.068096	0.173042	0.166211	0.393211
2021-07-29 06:15:16.000000 	-31.000000	60.081452	-152.623920	921.762046	-0.031023	-0.021585	0.006096	0.372013	0.296630	0.546497	-0.199893	-0.029440	0.004903	0.023975	0.272201	0.261455	0.618538
2021-07-29 06:15:17.000000 	-30.000000	60.081452	-152.623920	921.762046	-0.025076	-0.008612	0.004992	0.225017	0.179427	0.330562	-0.119016	-0.020243	-0.003883	0.017409	0.164647	0.158146	0.374138
2021-07-29 06:15:18.000000 	-29.000000	60.081452	-152.623920	921.762046	-0.027964	-0.005490	0.019797	0.337722	0.269306	0.496141	-0.177595	-0.013837	-0.007984	0.030803	0.247118	0.237359	0.561543
2021-07-29 06:15:19.000000 	-28.000000	60.081452	-152.623920	921.762046	-0.031617	-0.025597	0.033514	0.335279	0.267367	0.492561	-0.167637	-0.017820	0.008192	0.048922	0.245334	0.235644	0.557492
2021-07-29 06:15:20.000000 	-27.000000	60.081452	-152.623920	921.762046	-0.034247	-0.006383	0.025816	0.262197	0.209095	0.385203	-0.129911	-0.016026	-0.010079	0.039008	0.191860	0.184281	0.435981
2021-07-29 06:15:21.000000 	-26.000000	60.081452	-152.623920	921.762046	-0.023725	-0.012071	-0.004841	0.347934	0.277477	0.511171	-0.193388	-0.025485	-0.000190	0.009081	0.254601	0.244543	0.578554
2021-07-29 06:15:22.000000 	-25.000000	60.081452	-152.623920	921.762046	-0.031517	-0.010339	0.033975	0.240381	0.191709	0.353164	-0.114609	-0.011433	-0.005311	0.045778	0.175901	0.168951	0.399718
2021-07-29 06:15:23.000000 	-24.000000	60.081452	-152.623920	921.762046	-0.025563	-0.018487	-0.001064	0.314671	0.250966	0.462319	-0.171582	-0.027574	0.004662	0.014640	0.230268	0.221168	0.523262
2021-07-29 06:15:24.000000 	-23.000000	60.081452	-152.623920	921.762046	-0.031681	-0.011685	0.018810	0.264999	0.211357	0.389347	-0.134488	-0.019659	-0.004192	0.033014	0.193921	0.186257	0.440670
2021-07-29 06:15:25.000000 	-22.000000	60.081452	-152.623920	921.762046	-0.044759	-0.017033	0.029762	0.351426	0.280298	0.516338	-0.175516	-0.026394	-0.005456	0.049526	0.257171	0.247005	0.584401
2021-07-29 06:15:26.000000 	-21.000000	60.081452	-152.623920	921.762046	-0.022747	-0.006330	0.018334	0.281203	0.224296	0.413170	-0.147158	-0.010886	-0.004839	0.027417	0.205786	0.197650	0.467633
2021-07-29 06:15:27.000000 	-20.000000	60.081452	-152.623920	921.762046	-0.033461	-0.020904	0.032445	0.321394	0.256362	0.472231	-0.160124	-0.017903	0.003176	0.047736	0.235201	0.225900	0.534478
2021-07-29 06:15:28.000000 	-19.000000	60.081452	-152.623920	921.762046	-0.019257	-0.014630	-0.017010	0.367678	0.288409	0.659415	-0.194067	-0.029137	0.004137	-0.002858	0.292032	0.277676	0.700578
2021-07-29 06:15:29.000000 	-18.000000	60.081452	-152.623920	921.762046	-0.019068	-0.012324	-0.005982	0.343471	0.269408	0.616073	-0.176602	-0.022571	0.002176	0.006087	0.272806	0.259389	0.654518
2021-07-29 06:15:30.000000 	-17.000000	60.081452	-152.623920	921.762046	-0.028835	-0.016179	-0.012523	0.348946	0.273691	0.625969	-0.179361	-0.034888	0.001108	0.005628	0.277156	0.263518	0.665018
2021-07-29 06:15:31.000000 	-16.000000	60.081452	-152.623920	921.762046	-0.015934	-0.023618	-0.009833	0.431981	0.338804	0.775016	-0.225073	-0.026581	0.013646	0.003951	0.343110	0.326218	0.823348
2021-07-29 06:15:32.000000 	-15.000000	60.081452	-152.623920	921.762046	-0.027532	-0.024993	0.015459	0.268845	0.210847	0.482392	-0.124849	-0.023441	0.009534	0.031325	0.213537	0.203019	0.512466
2021-07-29 06:15:33.000000 	-14.000000	60.081452	-152.623920	921.762046	-0.029329	-0.007536	0.004673	0.379745	0.297809	0.681462	-0.187925	-0.023246	-0.006794	0.018769	0.301624	0.286760	0.723933
2021-07-29 06:15:34.000000 	-13.000000	60.081452	-152.623920	921.762046	-0.011550	-0.010180	-0.028891	0.332842	0.261015	0.597365	-0.183364	-0.027357	0.003729	-0.017590	0.264371	0.251337	0.634583
2021-07-29 06:15:35.000000 	-12.000000	60.081452	-152.623920	921.762046	-0.031579	-0.024375	0.011530	0.295992	0.232107	0.531291	-0.139703	-0.028269	0.007125	0.029571	0.235102	0.223506	0.564382
2021-07-29 06:15:36.000000 	-11.000000	60.081452	-152.623920	921.762046	-0.022165	-0.026758	0.001317	0.388558	0.304681	0.697526	-0.195407	-0.027067	0.013569	0.017096	0.308628	0.293397	0.740957
2021-07-29 06:15:37.000000 	-10.000000	60.081452	-152.623920	921.762046	-0.021204	-0.015216	-0.034398	0.379583	0.297630	0.681496	-0.207248	-0.039541	0.003762	-0.016932	0.301501	0.286615	0.723915
2021-07-29 06:15:38.000000 	-9.000000	60.081452	-152.623920	921.762046	-0.030464	-0.019467	0.021441	0.350476	0.274796	0.629313	-0.164315	-0.020511	0.003279	0.036541	0.278383	0.264631	0.668471
2021-07-29 06:15:39.000000 	-8.000000	60.081452	-152.623920	921.762046	-0.029336	-0.012694	-0.002049	0.354879	0.278236	0.637295	-0.177723	-0.028660	-0.002217	0.014129	0.281882	0.267951	0.676937
2021-07-29 06:15:40.000000 	-7.000000	60.081452	-152.623920	921.762046	-0.016429	-0.025105	-0.012719	0.368406	0.288829	0.661665	-0.192803	-0.028994	0.014739	0.002010	0.292628	0.278158	0.702810
2021-07-29 06:15:41.000000 	-6.000000	60.081452	-152.623920	921.762046	-0.018135	-0.014166	-0.039545	0.303997	0.238322	0.546051	-0.170687	-0.039328	0.004241	-0.022994	0.241469	0.229523	0.579996
2021-07-29 06:15:42.000000 	-5.000000	60.081452	-152.623920	921.762046	-0.032795	-0.022833	0.005741	0.368471	0.288855	0.661940	-0.179976	-0.031478	0.005196	0.024738	0.292683	0.278197	0.703076
2021-07-29 06:15:43.000000 	-4.000000	60.081452	-152.623920	921.762046	-0.038281	-0.008825	0.021367	0.353553	0.277148	0.635215	-0.163934	-0.022324	-0.009766	0.037499	0.280835	0.266928	0.674678
2021-07-29 06:15:44.000000 	-3.000000	60.081452	-152.623920	921.762046	-0.015628	-0.026685	-0.023232	0.353805	0.277333	0.635743	-0.189940	-0.034251	0.016510	-0.007094	0.281037	0.267113	0.675226
2021-07-29 06:15:45.000000 	-2.000000	60.081452	-152.623920	921.762046	-0.028637	-0.014843	-0.005441	0.352932	0.276638	0.634251	-0.178297	-0.030671	0.000013	0.011372	0.280345	0.266449	0.673628
2021-07-29 06:15:46.000000 	-1.000000	60.081452	-152.623920	921.762046	-0.029657	-0.013565	0.040170	0.287666	0.229605	0.422817	-0.139600	-0.008197	-0.001592	0.051063	0.210580	0.202228	0.478543
2021-07-29 06:15:47.000000 	0.000000	60.081452	-152.623920	921.762046	-0.019440	-0.002712	-0.003124	0.361426	0.288488	0.531241	-0.202762	-0.017601	-0.006531	0.006524	0.264579	0.254084	0.601257
2021-07-29 06:15:48.000000 	1.000000	60.081452	-152.623920	921.762046	-0.041194	-0.025924	0.029507	0.274653	0.219233	0.403704	-0.131455	-0.027321	0.004079	0.049765	0.201060	0.193084	0.456911
2021-07-29 06:15:49.000000 	2.000000	60.081452	-152.623920	921.762046	-0.041358	-0.016839	0.016801	0.348544	0.278224	0.512323	-0.179890	-0.030163	-0.004064	0.036741	0.255156	0.245032	0.579846
2021-07-29 06:15:50.000000 	3.000000	60.081452	-152.623920	921.762046	-0.023072	-0.005652	0.019656	0.320635	0.255954	0.471309	-0.169298	-0.010207	-0.005590	0.028552	0.234729	0.225414	0.533425
2021-07-29 06:15:51.000000 	4.000000	60.081452	-152.623920	921.762046	-0.018379	-0.010630	-0.007408	0.287107	0.229198	0.422033	-0.161181	-0.022077	0.000988	0.004158	0.210188	0.201845	0.477654
2021-07-29 06:15:52.000000 	5.000000	60.081452	-152.623920	921.762046	-0.041612	-0.015013	0.046007	0.373281	0.298000	0.548713	-0.182973	-0.015064	-0.005802	0.061749	0.273279	0.262431	0.621030
2021-07-29 06:15:53.000000 	6.000000	60.081452	-152.623920	921.762046	-0.025201	-0.017226	0.025496	0.276614	0.220836	0.406623	-0.139929	-0.013545	0.003708	0.037211	0.202512	0.194472	0.460213
2021-07-29 06:15:54.000000 	7.000000	60.081452	-152.623920	921.762046	-0.034192	-0.010208	0.011865	0.281873	0.225042	0.414360	-0.146264	-0.024467	-0.006657	0.027769	0.206366	0.198171	0.468970
2021-07-29 06:15:55.000000 	8.000000	60.081452	-152.623920	921.762046	-0.029957	-0.005150	0.026017	0.374554	0.299047	0.550614	-0.195867	-0.012133	-0.009202	0.037000	0.274224	0.263333	0.623179
2021-07-29 06:15:56.000000 	9.000000	60.081452	-152.623920	921.762046	-0.040692	-0.023755	0.023225	0.287609	0.229638	0.422808	-0.141761	-0.029203	0.002383	0.043601	0.210572	0.202208	0.478529
2021-07-29 06:15:57.000000 	10.000000	60.081452	-152.623920	921.762046	-0.011681	-0.007662	0.005158	0.367930	0.293778	0.540894	-0.205035	-0.009472	0.001432	0.011402	0.269383	0.258681	0.612178
2021-07-29 06:15:58.000000 	11.000000	60.081452	-152.623920	921.762046	-0.042895	-0.005799	0.028878	0.311707	0.248895	0.458249	-0.154709	-0.020922	-0.014575	0.045358	0.228223	0.219155	0.518640
2021-07-29 06:15:59.000000 	12.000000	60.081452	-152.623920	921.762046	-0.023721	-0.013514	-0.003755	0.350488	0.279871	0.515271	-0.194385	-0.025517	0.001093	0.010351	0.256621	0.246423	0.583177
2021-07-29 06:16:00.000000 	13.000000	60.081452	-152.623920	921.762046	-0.028564	-0.013815	0.032540	0.242724	0.193826	0.356848	-0.117099	-0.011261	-0.000867	0.044023	0.177721	0.170658	0.403875
2021-07-29 06:16:01.000000 	14.000000	60.081452	-152.623920	921.762046	-0.030161	-0.025753	0.008765	0.348560	0.278351	0.512455	-0.185250	-0.029106	0.009000	0.026862	0.255218	0.245073	0.579988
2021-07-29 06:16:02.000000 	15.000000	60.081452	-152.623920	921.762046	-0.032152	-0.005972	0.027411	0.302068	0.241231	0.444109	-0.152979	-0.013455	-0.009481	0.039368	0.221180	0.212386	0.502635
2021-07-29 06:16:03.000000 	16.000000	60.081452	-152.623920	921.762046	-0.036939	-0.018406	0.029364	0.276175	0.220561	0.406048	-0.134628	-0.021121	-0.000641	0.046033	0.202224	0.194183	0.459558
2021-07-29 06:16:04.000000 	17.000000	60.081452	-152.623920	921.762046	-0.016679	-0.011898	-0.002575	0.345728	0.276117	0.508317	-0.193432	-0.018864	0.002896	0.007885	0.253157	0.243089	0.575304
2021-07-29 06:16:05.000000 	18.000000	60.081452	-152.623920	921.762046	-0.042561	-0.001840	0.030932	0.285686	0.228172	0.420045	-0.139353	-0.018063	-0.017937	0.046082	0.209195	0.200874	0.475398
2021-07-29 06:16:06.000000 	19.000000	60.081452	-152.623920	921.762046	-0.025004	-0.021096	0.022530	0.354759	0.283349	0.521613	-0.185625	-0.016415	0.007236	0.035440	0.259778	0.249444	0.590350
2021-07-29 06:16:07.000000 	20.000000	60.081452	-152.623920	921.762046	-0.027724	-0.010483	0.020705	0.332370	0.265476	0.488702	-0.173871	-0.015189	-0.003440	0.032629	0.243388	0.233704	0.553103
2021-07-29 06:16:08.000000 	21.000000	60.081452	-152.623920	921.762046	-0.028607	-0.012014	0.017939	0.224723	0.179501	0.330428	-0.112607	-0.017859	-0.002486	0.030974	0.164563	0.158014	0.373971
2021-07-29 06:16:09.000000 	22.000000	60.081452	-152.623920	921.762046	-0.042490	-0.022779	0.028600	0.431053	0.344321	0.633822	-0.221954	-0.027517	0.000690	0.048832	0.315662	0.303098	0.717345
2021-07-29 06:16:10.000000 	23.000000	60.081452	-152.623920	921.762046	-0.023036	-0.002242	0.001524	0.268525	0.214503	0.394847	-0.146683	-0.017863	-0.008602	0.012038	0.196645	0.188817	0.446878
2021-07-29 06:16:11.000000 	24.000000	60.081452	-152.623920	921.762046	-0.039665	-0.025238	0.033959	0.301061	0.240502	0.442697	-0.145594	-0.023650	0.004173	0.052789	0.220476	0.211698	0.501033
2021-07-29 06:16:12.000000 	25.000000	60.081452	-152.623920	921.762046	-0.032260	-0.007424	0.013741	0.324169	0.258970	0.476684	-0.170808	-0.020935	-0.008242	0.027901	0.237402	0.227949	0.539498
2021-07-29 06:16:13.000000 	26.000000	60.081452	-152.623920	921.762046	-0.026970	-0.009764	0.016520	0.335964	0.268402	0.494036	-0.177857	-0.016410	-0.003731	0.028503	0.246044	0.236245	0.559136
2021-07-29 06:16:14.000000 	27.000000	60.081452	-152.623920	921.762046	-0.024308	-0.014920	0.014315	0.332887	0.265953	0.489521	-0.177157	-0.017515	0.002071	0.026595	0.243796	0.234085	0.554025
2021-07-29 06:16:15.000000 	28.000000	60.081452	-152.623920	921.762046	-0.029206	-0.011109	0.012799	0.260459	0.208095	0.383019	-0.135065	-0.020522	-0.003565	0.026577	0.190755	0.183155	0.433489
2021-07-29 06:16:16.000000 	29.000000	60.081452	-152.623920	921.762046	-0.039512	-0.016172	0.048115	0.330907	0.264389	0.486625	-0.158305	-0.012857	-0.003808	0.062912	0.242353	0.232697	0.550746
2021-07-29 06:16:17.000000 	30.000000	60.081452	-152.623920	921.762046	-0.023203	-0.012842	-0.004469	0.396981	0.317193	0.583803	-0.221647	-0.025205	0.000734	0.009349	0.290751	0.279164	0.660729
2021-07-29 06:16:18.000000 	31.000000	60.081452	-152.623920	921.762046	-0.033150	-0.020027	0.031246	0.231719	0.185153	0.340773	-0.109237	-0.017911	0.002541	0.046357	0.169715	0.162951	0.385675
2021-07-29 06:16:19.000000 	32.000000	60.081452	-152.623920	921.762046	-0.030063	-0.006204	0.029184	0.401845	0.321102	0.590976	-0.210244	-0.011055	-0.008314	0.040033	0.294324	0.282591	0.668846
2021-07-29 06:16:20.000000 	33.000000	60.081452	-152.623920	921.762046	-0.036308	-0.017677	0.014534	0.275874	0.220450	0.405723	-0.140391	-0.027741	-0.000998	0.032732	0.202062	0.194006	0.459182
2021-07-29 06:16:21.000000 	34.000000	60.081452	-152.623920	921.762046	-0.028506	-0.001323	0.025124	0.302528	0.241757	0.444928	-0.155655	-0.009937	-0.011933	0.034705	0.221588	0.212752	0.503553
2021-07-29 06:16:22.000000 	35.000000	60.081452	-152.623920	921.762046	-0.031089	-0.019113	0.018090	0.342258	0.273516	0.503369	-0.178693	-0.022523	0.002677	0.033833	0.250693	0.240695	0.569693
2021-07-29 06:16:23.000000 	36.000000	60.081452	-152.623920	921.762046	-0.022967	-0.002157	0.013404	0.334415	0.267257	0.491842	-0.180072	-0.011851	-0.008645	0.022285	0.244953	0.235182	0.556647
2021-07-29 06:16:24.000000 	37.000000	60.081452	-152.623920	921.762046	-0.042453	-0.027181	0.018798	0.333121	0.266232	0.489947	-0.168790	-0.034132	0.004616	0.041330	0.244009	0.234274	0.554501
2021-07-29 06:16:25.000000 	38.000000	60.081452	-152.623920	921.762046	-0.039470	-0.013230	0.031274	0.240439	0.192167	0.353638	-0.113097	-0.020053	-0.006401	0.047622	0.176123	0.169096	0.400233
2021-07-29 06:16:26.000000 	39.000000	60.081452	-152.623920	921.762046	-0.015472	-0.011141	0.023178	0.328338	0.262428	0.482929	-0.173967	-0.004788	0.002779	0.029498	0.240515	0.230916	0.546558
2021-07-29 06:16:27.000000 	40.000000	60.081452	-152.623920	921.762046	-0.041679	-0.018632	0.024128	0.346050	0.276595	0.508989	-0.175494	-0.027471	-0.002620	0.043646	0.253493	0.243375	0.576051
2021-07-29 06:16:28.000000 	41.000000	60.081452	-152.623920	921.762046	-0.022013	-0.011698	0.004776	0.302899	0.242112	0.445526	-0.164610	-0.019223	0.000265	0.016572	0.221887	0.213029	0.504226
2021-07-29 06:16:29.000000 	42.000000	60.081452	-152.623920	921.762046	-0.028736	-0.013016	0.019988	0.365691	0.292313	0.537894	-0.192802	-0.017335	-0.001655	0.033037	0.267890	0.257194	0.608764
2021-07-29 06:16:30.000000 	43.000000	60.081452	-152.623920	921.762046	-0.044970	-0.004967	0.046383	0.247928	0.198188	0.364684	-0.110516	-0.013457	-0.016268	0.061258	0.181626	0.174373	0.412732
2021-07-29 06:16:31.000000 	44.000000	60.081452	-152.623920	921.762046	-0.014641	-0.005993	0.008724	0.319942	0.255762	0.470618	-0.175579	-0.009305	-0.001410	0.015421	0.234385	0.225024	0.532622
2021-07-29 06:16:32.000000 	45.000000	60.081452	-152.623920	921.762046	-0.035979	-0.014643	0.025680	0.336986	0.269397	0.495698	-0.171834	-0.020720	-0.003541	0.041551	0.246876	0.237014	0.561005
2021-07-29 06:16:33.000000 	46.000000	60.081452	-152.623920	921.762046	-0.039607	-0.006358	0.039573	0.337690	0.269969	0.496741	-0.166545	-0.013280	-0.012567	0.053299	0.247396	0.237512	0.562186
2021-07-29 06:16:34.000000 	47.000000	60.081452	-152.623920	921.762046	-0.027015	-0.019399	0.016626	0.283966	0.227027	0.417721	-0.146896	-0.020232	0.004804	0.030825	0.208041	0.199728	0.472754
2021-07-29 06:16:35.000000 	48.000000	60.081452	-152.623920	921.762046	-0.037203	-0.008565	0.013931	0.346747	0.277229	0.510081	-0.182183	-0.025099	-0.009501	0.030517	0.254041	0.243888	0.577282
2021-07-29 06:16:36.000000 	49.000000	60.081452	-152.623920	921.762046	-0.032511	-0.012572	0.037928	0.250460	0.200253	0.368443	-0.118470	-0.011116	-0.003786	0.050156	0.183500	0.176165	0.416984
2021-07-29 06:16:37.000000 	50.000000	60.081452	-152.623920	921.762046	-0.027764	-0.011441	0.002101	0.343877	0.274954	0.505875	-0.187536	-0.024881	-0.002607	0.016743	0.251947	0.241875	0.572521
2021-07-29 06:16:38.000000 	51.000000	60.081452	-152.623920	921.762046	-0.028396	-0.015487	0.022748	0.247611	0.197990	0.364266	-0.123682	-0.016682	0.000695	0.035845	0.181420	0.174166	0.412255
2021-07-29 06:16:39.000000 	52.000000	60.081452	-152.623920	921.762046	-0.027131	-0.013196	0.014252	0.444530	0.347632	0.803985	-0.217206	-0.019033	-0.000758	0.027396	0.353241	0.335257	0.853036
2021-07-29 06:16:40.000000 	53.000000	60.081452	-152.623920	921.762046	-0.024791	-0.018917	-0.007872	0.267232	0.208973	0.483379	-0.135044	-0.030547	0.005398	0.008496	0.212355	0.201539	0.512860
2021-07-29 06:16:41.000000 	54.000000	60.081452	-152.623920	921.762046	-0.030500	-0.027720	-0.011705	0.473385	0.370167	0.856376	-0.242473	-0.040361	0.010591	0.009721	0.376178	0.357006	0.908589
2021-07-29 06:16:42.000000 	55.000000	60.081452	-152.623920	921.762046	-0.016605	-0.009344	0.002390	0.232519	0.181812	0.420687	-0.115135	-0.015313	0.000663	0.011569	0.184774	0.175352	0.446328
2021-07-29 06:16:43.000000 	56.000000	60.081452	-152.623920	921.762046	-0.017636	-0.023162	-0.016699	0.462817	0.361872	0.837454	-0.242995	-0.031134	0.012458	-0.001351	0.367786	0.349023	0.888480
2021-07-29 06:16:44.000000 	57.000000	60.081452	-152.623920	921.762046	-0.026356	-0.018459	-0.002665	0.294026	0.229887	0.532095	-0.146294	-0.028971	0.004272	0.013597	0.233655	0.221729	0.564505
2021-07-29 06:16:45.000000 	58.000000	60.081452	-152.623920	921.762046	-0.038670	-0.021571	0.013868	0.425450	0.332628	0.770021	-0.203803	-0.031443	0.001373	0.034095	0.338097	0.320832	0.816908
2021-07-29 06:16:46.000000 	59.000000	60.081452	-152.623920	921.762046	-0.021887	-0.012730	0.007784	0.339374	0.265320	0.614305	-0.166767	-0.018037	0.001240	0.019360	0.269697	0.255918	0.651697
2021-07-29 06:16:47.000000 	60.000000	60.081452	-152.623920	921.762046	-0.021075	-0.012869	-0.027288	0.331192	0.258913	0.599565	-0.178296	-0.034960	0.001737	-0.011366	0.263197	0.249743	0.636048
2021-07-29 06:16:48.000000 	61.000000	60.081452	-152.623920	921.762046	-0.022449	-0.015724	0.010614	0.367199	0.287050	0.664829	-0.179706	-0.018252	0.003640	0.022749	0.291815	0.276890	0.705270
2021-07-29 06:16:49.000000 	62.000000	60.081452	-152.623920	921.762046	-0.012867	-0.023039	-0.019274	0.357959	0.279815	0.648176	-0.190728	-0.028699	0.014542	-0.005723	0.284474	0.269918	0.687592
2021-07-29 06:16:50.000000 	63.000000	60.081452	-152.623920	921.762046	-0.022472	-0.020501	-0.018616	0.325641	0.254542	0.589726	-0.170893	-0.034752	0.007872	-0.001480	0.258793	0.245545	0.625575
2021-07-29 06:16:51.000000 	64.000000	60.081452	-152.623920	921.762046	-0.018495	-0.006821	-0.006087	0.394509	0.308360	0.714526	-0.202808	-0.019989	-0.002447	0.004480	0.313526	0.297467	0.757948
2021-07-29 06:16:52.000000 	65.000000	60.081452	-152.623920	921.762046	-0.033132	-0.024425	-0.003256	0.334979	0.261819	0.606779	-0.165608	-0.036860	0.006455	0.017455	0.266219	0.252576	0.643641
2021-07-29 06:16:53.000000 	66.000000	60.081452	-152.623920	921.762046	-0.021103	-0.012952	-0.010040	0.399176	0.311982	0.723150	-0.206106	-0.026412	0.001797	0.003616	0.317242	0.300976	0.767067
2021-07-29 06:16:54.000000 	67.000000	60.081452	-152.623920	921.762046	-0.022100	-0.019216	-0.003252	0.337870	0.264056	0.612159	-0.170599	-0.026290	0.006902	0.011377	0.268522	0.254747	0.649324
2021-07-29 06:16:55.000000 	68.000000	60.081452	-152.623920	921.762046	-0.048948	-0.022725	0.044046	0.328761	0.263035	0.483779	-0.155290	-0.024762	-0.002328	0.065067	0.240953	0.231293	0.547503
2021-07-29 06:16:56.000000 	69.000000	60.081452	-152.623920	921.762046	-0.022166	-0.006319	0.015122	0.277149	0.221749	0.407837	-0.146441	-0.012037	-0.004581	0.024374	0.203130	0.194984	0.461557
2021-07-29 06:16:57.000000 	70.000000	60.081452	-152.623920	921.762046	-0.033852	-0.011684	0.013765	0.332920	0.266382	0.489915	-0.175057	-0.023845	-0.005191	0.029604	0.244011	0.234224	0.554445
2021-07-29 06:16:58.000000 	71.000000	60.081452	-152.623920	921.762046	-0.025963	-0.013325	0.018424	0.340515	0.272468	0.501099	-0.179788	-0.016105	-0.000106	0.030524	0.249582	0.239571	0.567102
2021-07-29 06:16:59.000000 	72.000000	60.081452	-152.623920	921.762046	-0.042388	-0.020434	0.038953	0.299731	0.239843	0.441089	-0.142766	-0.021340	-0.001345	0.057222	0.219694	0.210880	0.499187
2021-07-29 06:17:00.000000 	73.000000	60.081452	-152.623920	921.762046	-0.029252	-0.004569	0.024994	0.318607	0.254956	0.468874	-0.164561	-0.011869	-0.009394	0.035667	0.233533	0.224163	0.530631
2021-07-29 06:17:01.000000 	74.000000	60.081452	-152.623920	921.762046	-0.029663	-0.017407	0.009602	0.308095	0.246553	0.453411	-0.162972	-0.024979	0.001817	0.025453	0.225833	0.216770	0.513131
2021-07-29 06:17:02.000000 	75.000000	60.081452	-152.623920	921.762046	-0.028487	-0.009130	0.020579	0.339000	0.271295	0.498902	-0.177803	-0.015301	-0.004992	0.032547	0.248491	0.238517	0.564612
2021-07-29 06:17:03.000000 	76.000000	60.081452	-152.623920	921.762046	-0.020410	-0.008935	0.007216	0.316326	0.253158	0.465540	-0.172252	-0.015671	-0.001451	0.017343	0.231875	0.222567	0.526855
2021-07-29 06:17:04.000000 	77.000000	60.081452	-152.623920	921.762046	-0.037598	-0.012948	0.042928	0.383018	0.306543	0.563699	-0.191381	-0.012687	-0.005791	0.056829	0.280768	0.269494	0.637943
2021-07-29 06:17:05.000000 	78.000000	60.081452	-152.623920	921.762046	-0.033513	-0.010830	0.025592	0.275701	0.220662	0.405765	-0.137799	-0.017346	-0.005793	0.039508	0.202104	0.193988	0.459206
2021-07-29 06:17:06.000000 	79.000000	60.081452	-152.623920	921.762046	-0.029433	-0.019636	0.012878	0.272311	0.217956	0.400781	-0.140936	-0.024057	0.003903	0.028702	0.199623	0.191605	0.453566
2021-07-29 06:17:07.000000 	80.000000	60.081452	-152.623920	921.762046	-0.032097	-0.012591	0.016938	0.380921	0.304898	0.560640	-0.201928	-0.021274	-0.003578	0.031784	0.279247	0.268030	0.634478
2021-07-29 06:17:08.000000 	81.000000	60.081452	-152.623920	921.762046	-0.035455	-0.021205	0.040864	0.327662	0.262278	0.482261	-0.160091	-0.015359	0.002527	0.055985	0.240209	0.230558	0.545776
2021-07-29 06:17:09.000000 	82.000000	60.081452	-152.623920	921.762046	-0.027392	-0.005008	0.019769	0.288977	0.231320	0.425330	-0.150081	-0.013219	-0.008148	0.030415	0.211853	0.203340	0.481345
2021-07-29 06:17:10.000000 	83.000000	60.081452	-152.623920	921.762046	-0.033455	-0.013163	0.029311	0.324625	0.259866	0.477806	-0.164324	-0.016376	-0.003694	0.043241	0.237992	0.228427	0.540733
2021-07-29 06:17:11.000000 	84.000000	60.081452	-152.623920	921.762046	-0.038714	-0.008903	0.009070	0.299084	0.239429	0.440220	-0.156124	-0.028821	-0.009896	0.027050	0.219271	0.210457	0.498196
2021-07-29 06:17:12.000000 	85.000000	60.081452	-152.623920	921.762046	-0.029478	-0.008652	0.025438	0.356285	0.285230	0.524421	-0.185647	-0.013449	-0.005871	0.037088	0.261213	0.250711	0.593485
2021-07-29 06:17:13.000000 	86.000000	60.081452	-152.623920	921.762046	-0.033975	-0.017340	0.036087	0.326537	0.261424	0.480642	-0.162193	-0.015061	-0.000225	0.050303	0.239408	0.229781	0.543940
2021-07-29 06:17:14.000000 	87.000000	60.081452	-152.623920	921.762046	-0.025403	-0.011943	0.006036	0.384504	0.307844	0.565975	-0.210174	-0.021301	-0.001075	0.019222	0.281913	0.270576	0.640510
2021-07-29 06:17:15.000000 	88.000000	60.081452	-152.623920	921.762046	-0.039698	-0.017304	0.031974	0.266413	0.213304	0.392155	-0.127443	-0.021503	-0.002888	0.049265	0.195334	0.187477	0.443798
2021-07-29 06:17:16.000000 	89.000000	60.081452	-152.623920	921.762046	-0.024574	-0.005115	0.001749	0.285391	0.228508	0.420097	-0.155725	-0.020080	-0.006757	0.013573	0.209253	0.200835	0.475420
2021-07-29 06:17:17.000000 	90.000000	60.081452	-152.623920	921.762046	-0.027129	-0.014001	0.018056	0.370802	0.296906	0.545831	-0.197000	-0.017455	-0.000042	0.030877	0.271883	0.260944	0.617711
2021-07-29 06:17:18.000000 	91.000000	60.081452	-152.623920	921.762046	-0.035247	-0.021635	0.026333	0.264001	0.211397	0.388624	-0.129078	-0.022617	0.003004	0.043397	0.193578	0.185788	0.439800
2021-07-29 06:17:19.000000 	92.000000	60.081452	-152.623920	921.762046	-0.025683	-0.001388	0.033802	0.364195	0.291636	0.536122	-0.188639	-0.003461	-0.010577	0.040991	0.267049	0.256301	0.606721
2021-07-29 06:17:20.000000 	93.000000	60.081452	-152.623920	921.762046	-0.034298	-0.015415	0.018835	0.330428	0.264607	0.486422	-0.171244	-0.023148	-0.002083	0.035052	0.242295	0.232541	0.550476
2021-07-29 06:17:21.000000 	94.000000	60.081452	-152.623920	921.762046	-0.023380	-0.009595	0.022158	0.187636	0.150264	0.276222	-0.091572	-0.010767	-0.002230	0.031761	0.137591	0.132052	0.312596
2021-07-29 06:17:22.000000 	95.000000	60.081452	-152.623920	921.762046	-0.052249	-0.016022	0.037193	0.405787	0.324977	0.597376	-0.202174	-0.028049	-0.009798	0.059053	0.297565	0.285583	0.676039
2021-07-29 06:17:23.000000 	96.000000	60.081452	-152.623920	921.762046	-0.016482	-0.007152	0.012973	0.292568	0.234314	0.430708	-0.157733	-0.009065	-0.001228	0.020185	0.214546	0.205905	0.487423
2021-07-29 06:17:24.000000 	97.000000	60.081452	-152.623920	921.762046	-0.045839	-0.015032	0.039762	0.337054	0.269952	0.496207	-0.163592	-0.021440	-0.007730	0.058213	0.247174	0.237217	0.561547
2021-07-29 06:17:25.000000 	98.000000	60.081452	-152.623920	921.762046	-0.020911	-0.014454	0.002897	0.301898	0.241804	0.444457	-0.164909	-0.020410	0.003220	0.015088	0.221397	0.212477	0.502981
2021-07-29 06:17:26.000000 	99.000000	60.081452	-152.623920	921.762046	-0.041552	-0.008792	0.037397	0.345631	0.276842	0.508849	-0.171350	-0.016833	-0.011299	0.052834	0.253474	0.243260	0.575852
2021-07-29 06:17:27.000000 	100.000000	60.081452	-152.623920	921.762046	-0.025940	-0.011361	0.022033	0.310594	0.248787	0.457273	-0.161491	-0.013504	-0.001839	0.033192	0.227783	0.218604	0.517484
2021-07-29 06:17:28.000000 	101.000000	60.081452	-152.623920	921.762046	-0.019618	-0.013965	0.010613	0.330296	0.264578	0.486287	-0.178742	-0.015372	0.003380	0.021091	0.242238	0.232474	0.550317
2021-07-29 06:17:29.000000 	102.000000	60.081452	-152.623920	921.762046	-0.032481	-0.013348	0.028416	0.285150	0.228423	0.419826	-0.142265	-0.016147	-0.003083	0.042077	0.209132	0.200701	0.475104
2021-07-29 06:17:30.000000 	103.000000	60.081452	-152.623920	921.762046	-0.040702	-0.021542	0.025747	0.363271	0.291013	0.534852	-0.184978	-0.027071	0.000414	0.045284	0.266432	0.255690	0.605274
2021-07-29 06:17:31.000000 	104.000000	60.081452	-152.623920	921.762046	-0.027271	-0.000895	0.018787	0.201200	0.161185	0.296235	-0.100333	-0.011975	-0.011746	0.028567	0.147568	0.141617	0.335239
2021-07-29 06:17:32.000000 	105.000000	60.081452	-152.623920	921.762046	-0.036946	-0.021538	0.022179	0.421947	0.338042	0.621259	-0.221250	-0.025958	0.002137	0.040527	0.309479	0.296997	0.703058
2021-07-29 06:17:33.000000 	106.000000	60.081452	-152.623920	921.762046	-0.027886	-0.016227	0.011915	0.295027	0.236369	0.434393	-0.155333	-0.021988	0.001587	0.026400	0.216394	0.207664	0.491587
2021-07-29 06:17:34.000000 	107.000000	60.081452	-152.623920	921.762046	-0.037326	-0.012663	0.034576	0.315013	0.252391	0.463828	-0.155724	-0.016530	-0.005919	0.049405	0.231058	0.221736	0.524897
2021-07-29 06:17:35.000000 	108.000000	60.081452	-152.623920	921.762046	-0.037877	-0.011029	0.021777	0.323350	0.259080	0.476111	-0.165471	-0.022687	-0.007623	0.038181	0.237178	0.227607	0.538796
2021-07-29 06:17:36.000000 	109.000000	60.081452	-152.623920	921.762046	-0.033876	-0.020174	0.048711	0.292934	0.234718	0.431331	-0.137593	-0.009818	0.002337	0.061851	0.214872	0.206200	0.488119
2021-07-29 06:17:37.000000 	110.000000	60.081452	-152.623920	921.762046	-0.031974	-0.011809	0.010698	0.370588	0.296951	0.545682	-0.198585	-0.023980	-0.004216	0.026142	0.271839	0.260866	0.617525
2021-07-29 06:17:38.000000 	111.000000	60.081452	-152.623920	921.762046	-0.037957	-0.003157	0.035215	0.282496	0.226371	0.415974	-0.137401	-0.012908	-0.014651	0.048057	0.207225	0.198858	0.470739
2021-07-29 06:17:39.000000 	112.000000	60.081452	-152.623920	921.762046	-0.015095	-0.012735	0.006439	0.340045	0.272497	0.500723	-0.187379	-0.013482	0.004368	0.015187	0.249445	0.239373	0.566645
2021-07-29 06:17:40.000000 	113.000000	60.081452	-152.623920	921.762046	-0.040430	-0.009932	0.036206	0.295104	0.236492	0.434553	-0.142958	-0.017018	-0.009771	0.051566	0.216483	0.207740	0.491763
2021-07-29 06:17:41.000000 	114.000000	60.081452	-152.623920	921.762046	-0.032933	-0.022894	0.024062	0.369047	0.295759	0.543445	-0.191112	-0.022471	0.005186	0.040693	0.270731	0.259796	0.614989
2021-07-29 06:17:42.000000 	115.000000	60.081452	-152.623920	921.762046	-0.029093	-0.010568	0.023789	0.306943	0.245998	0.452000	-0.157928	-0.014739	-0.003994	0.035928	0.225177	0.216080	0.511505
2021-07-29 06:17:43.000000 	116.000000	60.081452	-152.623920	921.762046	-0.051407	-0.016850	0.034227	0.278831	0.223476	0.410608	-0.130183	-0.029211	-0.008676	0.056299	0.204558	0.196293	0.464664
2021-07-29 06:17:44.000000 	117.000000	60.081452	-152.623920	921.762046	-0.014280	-0.000999	0.008067	0.354068	0.283786	0.521410	-0.196233	-0.007365	-0.005680	0.013546	0.259759	0.249262	0.590051
2021-07-29 06:17:45.000000 	118.000000	60.081452	-152.623920	921.762046	-0.037386	-0.023541	0.040234	0.313297	0.251118	0.461376	-0.151356	-0.018090	0.003713	0.056830	0.229853	0.220563	0.522114
2021-07-29 06:17:46.000000 	119.000000	60.081452	-152.623920	921.762046	-0.032729	-0.006089	0.018980	0.301701	0.241832	0.444307	-0.156131	-0.018150	-0.009643	0.032343	0.221351	0.212402	0.502796
2021-07-29 06:17:47.000000 	120.000000	60.081452	-152.623920	921.762046	-0.030756	-0.012157	0.024129	0.379349	0.304083	0.558665	-0.198839	-0.016482	-0.003347	0.037323	0.278325	0.267072	0.632208
2021-07-29 06:17:48.000000 	121.000000	60.081452	-152.623920	921.762046	-0.034856	-0.009400	0.036294	0.195208	0.156483	0.287486	-0.086963	-0.012471	-0.007681	0.049051	0.143226	0.137434	0.325330
2021-07-29 06:17:49.000000 	122.000000	60.081452	-152.623920	921.762046	-0.046980	-0.018037	0.028476	0.358407	0.287317	0.527839	-0.179687	-0.029145	-0.005586	0.049626	0.262971	0.252335	0.597322
2021-07-29 06:17:50.000000 	123.000000	60.081452	-152.623920	921.762046	-0.014603	-0.004555	0.004734	0.326005	0.261352	0.480126	-0.180995	-0.010693	-0.002670	0.011615	0.239202	0.229526	0.543328
2021-07-29 06:17:51.000000 	124.000000	60.081452	-152.623920	921.762046	-0.043147	-0.020672	0.035864	0.351550	0.281841	0.517755	-0.173781	-0.023560	-0.001484	0.054936	0.257951	0.247515	0.585909
2021-07-29 06:17:52.000000 	125.000000	60.081452	-152.623920	921.762046	-0.038879	-0.009124	0.047994	0.409199	0.328071	0.602668	-0.204624	-0.009623	-0.009776	0.060910	0.300258	0.288108	0.681999
2021-07-29 06:17:53.000000 	126.000000	60.081452	-152.623920	921.762046	-0.017756	-0.007744	0.000422	0.192882	0.154647	0.284080	-0.104812	-0.016542	-0.001288	0.010006	0.141534	0.135806	0.321474
2021-07-29 06:17:54.000000 	127.000000	60.081452	-152.623920	921.762046	-0.049377	-0.024429	0.050036	0.291931	0.234070	0.429968	-0.131515	-0.022783	-0.001012	0.070840	0.214220	0.205548	0.486564
2021-07-29 06:17:55.000000 	128.000000	60.081452	-152.623920	921.762046	-0.029633	-0.012283	0.039682	0.348640	0.279550	0.513500	-0.175388	-0.007910	-0.002719	0.050336	0.255839	0.245481	0.581090
2021-07-29 06:17:56.000000 	129.000000	60.081452	-152.623920	921.762046	-0.024128	-0.011471	0.014372	0.344994	0.276636	0.508136	-0.184843	-0.015975	-0.000909	0.025774	0.253169	0.242917	0.575019
2021-07-29 06:17:57.000000 	130.000000	60.081452	-152.623920	921.762046	-0.031172	-0.005984	0.010477	0.338412	0.271369	0.498449	-0.181032	-0.021151	-0.009019	0.024260	0.248344	0.238287	0.564057
2021-07-29 06:17:58.000000 	131.000000	60.081452	-152.623920	921.762046	-0.043628	-0.017242	0.049166	0.281592	0.225814	0.414765	-0.128417	-0.015929	-0.004750	0.065892	0.206651	0.198281	0.469357
2021-07-29 06:17:59.000000 	132.000000	60.081452	-152.623920	921.762046	-0.030000	-0.011284	0.028950	0.277429	0.222484	0.408639	-0.138637	-0.013148	-0.003775	0.040967	0.203601	0.195352	0.462424
2021-07-29 06:18:00.000000 	133.000000	60.081452	-152.623920	921.762046	-0.026941	-0.014054	0.014222	0.354788	0.284533	0.522592	-0.189471	-0.019244	0.000091	0.027482	0.260379	0.249829	0.591375
2021-07-29 06:18:01.000000 	134.000000	60.081452	-152.623920	921.762046	-0.031576	-0.001910	0.032650	0.355656	0.285239	0.523878	-0.182637	-0.008780	-0.012823	0.042723	0.261022	0.250444	0.592829
2021-07-29 06:18:02.000000 	135.000000	60.081452	-152.623920	921.762046	-0.039409	-0.017410	0.039083	0.264200	0.211898	0.389169	-0.123610	-0.017777	-0.002661	0.055322	0.193905	0.186046	0.440390
2021-07-29 06:18:03.000000 	136.000000	60.081452	-152.623920	921.762046	-0.021195	-0.015411	0.011512	0.363857	0.291838	0.535973	-0.197220	-0.016713	0.003939	0.022900	0.267053	0.256227	0.606514
2021-07-29 06:18:04.000000 	137.000000	60.081452	-152.623920	921.762046	-0.030591	-0.012778	0.033252	0.283730	0.227580	0.417950	-0.140270	-0.012053	-0.002719	0.045300	0.208249	0.199805	0.472957
2021-07-29 06:18:05.000000 	138.000000	60.081452	-152.623920	921.762046	-0.032996	-0.015998	0.030001	0.388359	0.311514	0.572082	-0.200780	-0.016808	-0.000966	0.044286	0.285049	0.273490	0.647374
2021-07-29 06:18:06.000000 	139.000000	60.081452	-152.623920	921.762046	-0.029482	-0.006878	0.029084	0.269208	0.215948	0.396570	-0.134444	-0.010926	-0.007449	0.039844	0.197599	0.189584	0.448761
2021-07-29 06:18:07.000000 	140.000000	60.081452	-152.623920	921.762046	-0.025529	-0.003858	0.022327	0.327386	0.262625	0.482277	-0.172010	-0.010050	-0.008313	0.031543	0.240306	0.230558	0.545748
2021-07-29 06:18:08.000000 	141.000000	60.081452	-152.623920	921.762046	-0.047081	-0.017014	0.038150	0.313525	0.251516	0.461866	-0.150202	-0.023989	-0.006541	0.057821	0.230138	0.220800	0.522649
2021-07-29 06:18:09.000000 	142.000000	60.081452	-152.623920	921.762046	-0.027233	-0.016742	0.008372	0.313348	0.251383	0.461611	-0.167475	-0.023458	0.002345	0.023158	0.230013	0.220679	0.522360
2021-07-29 06:18:10.000000 	143.000000	60.081452	-152.623920	921.762046	-0.028110	-0.006597	0.043048	0.217558	0.174542	0.320502	-0.099470	-0.002794	-0.007068	0.051275	0.159702	0.153220	0.362680
2021-07-29 06:18:11.000000 	144.000000	60.081452	-152.623920	921.762046	-0.032131	-0.014068	0.007606	0.418491	0.335759	0.616521	-0.227192	-0.026543	-0.002283	0.024050	0.307207	0.294737	0.697654
2021-07-29 06:18:12.000000 	145.000000	60.081452	-152.623920	921.762046	-0.043956	-0.007648	0.047398	0.349944	0.280774	0.515545	-0.169453	-0.013238	-0.013421	0.062304	0.256894	0.246464	0.583389
2021-07-29 06:18:13.000000 	146.000000	60.081452	-152.623920	921.762046	-0.030020	-0.014530	0.017233	0.288174	0.231222	0.424550	-0.149051	-0.020301	-0.000902	0.031565	0.211553	0.202963	0.480418
2021-07-29 06:18:14.000000 	147.000000	60.081452	-152.623920	921.762046	-0.030876	-0.011283	0.030288	0.219191	0.175879	0.322926	-0.104301	-0.013154	-0.004178	0.042515	0.160916	0.154380	0.365421
2021-07-29 06:18:15.000000 	148.000000	60.081452	-152.623920	921.762046	-0.017645	-0.012856	0.012497	0.412094	0.330677	0.607131	-0.225889	-0.012472	0.003302	0.021596	0.302539	0.290250	0.687024
2021-07-29 06:18:16.000000 	149.000000	60.081452	-152.623920	921.762046	-0.040078	-0.005728	0.044239	0.339910	0.272765	0.500791	-0.166242	-0.011065	-0.013342	0.057409	0.249551	0.239413	0.566689
2021-07-29 06:18:17.000000 	150.000000	60.081452	-152.623920	921.762046	-0.037551	-0.012621	0.023627	0.329131	0.264125	0.484917	-0.168186	-0.022147	-0.006059	0.040005	0.241643	0.231824	0.548726
2021-07-29 06:18:18.000000 	151.000000	60.081452	-152.623920	921.762046	-0.028357	-0.009006	0.027964	0.251469	0.201809	0.370500	-0.124824	-0.011467	-0.005042	0.038862	0.184629	0.177125	0.419253
2021-07-29 06:18:19.000000 	152.000000	60.081452	-152.623920	921.762046	-0.037883	-0.011812	0.034456	0.306738	0.246173	0.451937	-0.151072	-0.016679	-0.006930	0.049352	0.225213	0.216058	0.511404
2021-07-29 06:18:20.000000 	153.000000	60.081452	-152.623920	921.762046	-0.043532	-0.027320	0.035904	0.415569	0.333528	0.612294	-0.209946	-0.026486	0.004243	0.056666	0.305126	0.292721	0.692860
2021-07-29 06:18:21.000000 	154.000000	60.081452	-152.623920	921.762046	-0.029416	-0.006551	0.021807	0.203212	0.163101	0.299414	-0.099291	-0.014375	-0.007709	0.033432	0.149209	0.143142	0.338811
2021-07-29 06:18:22.000000 	155.000000	60.081452	-152.623920	921.762046	-0.034520	-0.015831	-0.001921	0.362420	0.290894	0.533999	-0.197561	-0.033836	-0.001815	0.017255	0.266114	0.255292	0.604261
2021-07-29 06:18:23.000000 	156.000000	60.081452	-152.623920	921.762046	-0.025619	-0.010650	0.012169	0.233269	0.181653	0.427062	-0.107844	-0.017893	-0.002323	0.024337	0.185587	0.175623	0.452226
2021-07-29 06:18:24.000000 	157.000000	60.081452	-152.623920	921.762046	-0.013475	-0.014356	-0.019271	0.537776	0.418764	0.984658	0.272701	-0.025705	0.006552	-0.007442	0.427855	0.404873	1.042659
2021-07-29 06:18:25.000000 	158.000000	60.081452	-152.623920	921.762046	-0.018585	-0.013070	0.013948	0.260746	0.203034	0.477476	-0.123254	-0.012557	0.003060	0.023318	0.207453	0.196303	0.505592
2021-07-29 06:18:26.000000 	159.000000	60.081452	-152.623920	921.762046	-0.033385	-0.017913	0.022428	1.263009	1.013899	1.861053	-0.706450	-0.021648	0.000556	0.038334	0.927476	0.889733	2.105911
2021-07-29 06:18:27.000000 	160.000000	60.081452	-152.623920	921.762046	-0.044499	0.002415	0.044194	0.338110	0.271433	0.498214	-0.164569	-0.011244	-0.022606	0.057460	0.248293	0.238187	0.563763
2021-07-29 06:18:28.000000 	161.000000	60.081452	-152.623920	921.762046	-0.022697	-0.020315	-0.001144	0.350325	0.272754	0.641736	-0.175140	-0.026136	0.007603	0.013720	0.278735	0.263732	0.679485
2021-07-29 06:18:29.000000 	162.000000	60.081452	-152.623920	921.762046	-0.018601	-0.035193	-0.020004	0.653094	0.508462	1.196496	0.333202	-0.038320	0.022698	-0.001028	0.519640	0.491655	1.266854
2021-07-29 06:18:30.000000 	163.000000	60.081452	-152.623920	921.762046	-0.027315	-0.010244	0.010897	0.335691	0.261340	0.615071	-0.161102	-0.019671	-0.003463	0.023892	0.267099	0.252707	0.651227
2021-07-29 06:18:31.000000 	164.000000	60.081452	-152.623920	921.762046	-0.037492	-0.021952	-0.013487	0.281643	0.219254	0.516101	-0.140056	-0.044332	0.002253	0.009951	0.224098	0.212017	0.546428
2021-07-29 06:18:32.000000 	165.000000	60.081452	-152.623920	921.762046	-0.030043	-0.020766	0.036004	1.261897	1.013237	1.859565	-0.701207	-0.013442	0.004626	0.049275	0.926791	0.889038	2.104207
2021-07-29 06:18:33.000000 	166.000000	60.081452	-152.623920	921.762046	-0.029440	0.001812	0.006686	0.351414	0.282178	0.517860	-0.191306	-0.018602	-0.015147	0.018418	0.258099	0.247584	0.585988
2021-07-29 06:18:34.000000 	167.000000	60.081452	-152.623920	921.762046	-0.036792	-0.021079	0.023429	0.282732	0.227036	0.416652	-0.140835	-0.025033	0.001801	0.041436	0.207660	0.199198	0.471465
2021-07-29 06:18:35.000000 	168.000000	60.081452	-152.623920	921.762046	-0.031598	-0.011801	0.042317	0.232801	0.186948	0.343076	-0.107165	-0.007916	-0.004050	0.053379	0.170991	0.164022	0.388208
2021-07-29 06:18:36.000000 	169.000000	60.081452	-152.623920	921.762046	-0.026937	-0.014086	0.006881	0.387131	0.310894	0.570518	-0.211034	-0.022915	0.000122	0.021126	0.284353	0.272762	0.645570
2021-07-29 06:18:37.000000 	170.000000	60.081452	-152.623920	921.762046	-0.057779	-0.017329	0.045501	0.308820	0.248014	0.455116	-0.141336	-0.028683	-0.011180	0.069002	0.226838	0.217590	0.514986
2021-07-29 06:18:38.000000 	171.000000	60.081452	-152.623920	921.762046	-0.012002	-0.009710	0.020644	0.279379	0.224379	0.411734	-0.148324	-0.002811	0.003103	0.025435	0.205218	0.196850	0.465897
2021-07-29 06:18:39.000000 	172.000000	60.081452	-152.623920	921.762046	-0.036307	-0.012833	0.024438	0.384860	0.309105	0.567193	-0.200441	-0.020870	-0.005299	0.040205	0.282705	0.271176	0.641805
2021-07-29 06:18:40.000000 	173.000000	60.081452	-152.623920	921.762046	-0.029713	-0.007325	0.004718	0.231226	0.185720	0.340778	-0.121794	-0.023436	-0.007159	0.018929	0.169855	0.162927	0.385605
2021-07-29 06:18:41.000000 	174.000000	60.081452	-152.623920	921.762046	-0.035838	-0.021290	0.032696	0.274178	0.220227	0.404085	-0.132622	-0.019760	0.002426	0.049095	0.201412	0.193195	0.457239
2021-07-29 06:18:42.000000 	175.000000	60.081452	-152.623920	921.762046	-0.030691	-0.010483	0.030296	0.354827	0.285017	0.522953	-0.182735	-0.012690	-0.004804	0.042256	0.260663	0.250027	0.591741
2021-07-29 06:18:43.000000 	176.000000	60.081452	-152.623920	921.762046	-0.038294	-0.018366	0.044972	0.321440	0.258208	0.473752	-0.154718	-0.014363	-0.001300	0.060152	0.236142	0.226505	0.536067
2021-07-29 06:18:44.000000 	177.000000	60.081452	-152.623920	921.762046	-0.027772	-0.024731	0.012434	0.309902	0.248949	0.456753	-0.162950	-0.025030	0.009190	0.028749	0.227671	0.218378	0.516832
2021-07-29 06:18:45.000000 	178.000000	60.081452	-152.623920	921.762046	-0.037370	-0.003841	0.032923	0.268227	0.215479	0.395335	-0.130393	-0.013872	-0.013773	0.045967	0.197059	0.189014	0.447334
2021-07-29 06:18:46.000000 	179.000000	60.081452	-152.623920	921.762046	-0.022800	-0.002834	0.006142	0.356388	0.286315	0.525281	-0.195982	-0.015614	-0.007967	0.016071	0.261835	0.251144	0.594372
2021-07-29 06:18:47.000000 	180.000000	60.081452	-152.623920	921.762046	-0.032772	-0.011349	0.050685	0.280446	0.225313	0.413356	-0.131043	-0.004467	-0.004991	0.061048	0.206047	0.197632	0.467724
2021-07-29 06:18:48.000000 	181.000000	60.081452	-152.623920	921.762046	-0.017224	-0.015356	0.008663	0.349439	0.280754	0.515053	-0.191315	-0.015056	0.005716	0.018659	0.256743	0.246256	0.582796
2021-07-29 06:18:49.000000 	182.000000	60.081452	-152.623920	921.762046	-0.048188	-0.013817	0.061625	0.278518	0.223781	0.410525	-0.120763	-0.011859	-0.009889	0.077924	0.204640	0.196280	0.464519
2021-07-29 06:18:50.000000 	183.000000	60.081452	-152.623920	921.762046	-0.045597	-0.022744	0.017178	0.363492	0.292066	0.535780	-0.187036	-0.035592	-0.000770	0.040300	0.267081	0.256168	0.606246
2021-07-29 06:18:51.000000 	184.000000	60.081452	-152.623920	921.762046	-0.015640	-0.009766	0.025752	0.254096	0.204174	0.374537	-0.130804	-0.003086	0.001481	0.031487	0.186705	0.179075	0.423796
2021-07-29 06:18:52.000000 	185.000000	60.081452	-152.623920	921.762046	-0.036606	0.001392	0.055907	0.321531	0.258371	0.473943	-0.152613	0.000265	-0.018069	0.064350	0.236261	0.226605	0.536275
2021-07-29 06:18:53.000000 	186.000000	60.081452	-152.623920	921.762046	-0.023540	0.001625	0.025829	0.301504	0.242288	0.444429	-0.156928	-0.004587	-0.012267	0.032441	0.221551	0.212494	0.502879
2021-07-29 06:18:54.000000 	187.000000	60.081452	-152.623920	921.762046	-0.037446	0.004283	0.039859	0.264377	0.212460	0.389706	-0.126006	-0.007234	-0.021022	0.050150	0.194274	0.186331	0.440958
2021-07-29 06:18:55.000000 	188.000000	60.081452	-152.623920	921.762046	-0.014529	-0.014446	-0.003487	0.402593	0.323547	0.593453	-0.227422	-0.018680	0.006147	0.006726	0.295847	0.283749	0.671498
2021-07-29 06:18:56.000000 	189.000000	60.081452	-152.623920	921.762046	-0.054005	-0.022895	0.045646	0.205810	0.165407	0.303383	-0.081949	-0.027923	-0.004502	0.068733	0.151244	0.145058	0.343281
2021-07-29 06:18:57.000000 	190.000000	60.081452	-152.623920	921.762046	-0.029159	0.006477	0.035981	0.415198	0.333703	0.612049	-0.217200	-0.001915	-0.019160	0.042615	0.305125	0.292644	0.692538
2021-07-29 06:18:58.000000 	191.000000	60.081452	-152.623920	921.762046	-0.010886	-0.005995	0.030330	0.237738	0.191083	0.350458	-0.121171	0.004360	0.000318	0.032484	0.174716	0.167568	0.396545
2021-07-29 06:18:59.000000 	192.000000	60.081452	-152.623920	921.762046	-0.039867	-0.005406	0.020533	0.343223	0.275877	0.505963	-0.177648	-0.022598	-0.013532	0.036694	0.252245	0.241923	0.572499
2021-07-29 06:19:00.000000 	193.000000	60.081452	-152.623920	921.762046	-0.035999	-0.001713	0.035008	0.231868	0.186378	0.341813	-0.109169	-0.010929	-0.015032	0.046680	0.170410	0.163436	0.386761
2021-07-29 06:19:01.000000 	194.000000	60.081452	-152.623920	921.762046	-0.044672	-0.013992	0.062686	0.444608	0.357395	0.655436	-0.217415	-0.008693	-0.008117	0.077327	0.326771	0.313395	0.741625
2021-07-29 06:19:02.000000 	195.000000	60.081452	-152.623920	921.762046	-0.021274	-0.003294	0.004985	0.320199	0.257401	0.472041	-0.176050	-0.015201	-0.006857	0.014499	0.235342	0.225706	0.534113
2021-07-29 06:19:03.000000 	196.000000	60.081452	-152.623920	921.762046	-0.033686	-0.013400	0.038876	0.256069	0.205856	0.377504	-0.121311	-0.011877	-0.003591	0.051688	0.188212	0.180505	0.427144
2021-07-29 06:19:04.000000 	197.000000	60.081452	-152.623920	921.762046	-0.038105	-0.013460	0.023025	0.352592	0.283462	0.519808	-0.181894	-0.023208	-0.005570	0.039921	0.259163	0.248549	0.588158
2021-07-29 06:19:05.000000 	198.000000	60.081452	-152.623920	921.762046	-0.032802	-0.019690	0.032420	0.322139	0.258990	0.474919	-0.161587	-0.016924	0.002401	0.047144	0.236785	0.227086	0.537366
2021-07-29 06:19:06.000000 	199.000000	60.081452	-152.623920	921.762046	-0.054366	-0.004861	0.050646	0.320093	0.257356	0.471909	-0.148170	-0.018520	-0.020683	0.069090	0.235288	0.225648	0.533959
2021-07-29 06:19:07.000000 	200.000000	60.081452	-152.623920	921.762046	-0.035268	-0.006495	0.084329	0.162683	0.134563	0.275399	0.133594	0.012327	-0.010450	0.090201	0.133502	0.118757	0.297475
2021-07-29 06:19:08.000000 	201.000000	60.081452	-152.623920	921.762046	-0.016487	0.000506	0.000633	0.541396	0.447821	0.916424	-0.298650	-0.012172	-0.008030	0.007735	0.444283	0.395219	0.989900
2021-07-29 06:19:09.000000 	202.000000	60.081452	-152.623920	921.762046	-0.029656	-0.010682	0.018451	0.492858	0.396305	0.726641	-0.267237	-0.017880	-0.004151	0.031577	0.362307	0.347456	0.822180
2021-07-29 06:19:10.000000 	203.000000	60.081452	-152.623920	921.762046	-0.043380	-0.026048	0.022504	0.282789	0.227398	0.416932	-0.138686	-0.032545	0.003184	0.044693	0.207888	0.199365	0.471750
2021-07-29 06:19:11.000000 	204.000000	60.081452	-152.623920	921.762046	-0.047269	-0.013911	0.035145	0.309994	0.249284	0.457048	-0.149814	-0.024396	-0.009382	0.054588	0.227893	0.218549	0.517140
2021-07-29 06:19:12.000000 	205.000000	60.081452	-152.623920	921.762046	-0.029089	-0.012643	0.042760	0.039862	0.032974	0.067450	0.043725	-0.006100	-0.002149	0.052845	0.032711	0.029100	0.072862
2021-07-29 06:19:13.000000 	206.000000	60.081452	-152.623920	921.762046	-0.030782	-0.010559	0.046039	0.336000	0.277940	0.568485	-0.158836	-0.004938	-0.004778	0.055959	0.275723	0.245291	0.614109
2021-07-29 06:19:14.000000 	207.000000	60.081452	-152.623920	921.762046	-0.031276	-0.008098	0.057310	0.356217	0.294666	0.602633	-0.165024	0.001285	-0.007190	0.065382	0.292312	0.260053	0.651008
2021-07-29 06:19:15.000000 	208.000000	60.081452	-152.623920	921.762046	-0.039289	-0.007988	0.004683	0.549688	0.442106	0.810489	-0.302755	-0.031087	-0.010972	0.023293	0.404147	0.387564	0.917042
2021-07-29 06:19:16.000000 	209.000000	60.081452	-152.623920	921.762046	-0.028498	-0.005615	0.015054	0.352738	0.283712	0.520101	-0.188691	-0.016663	-0.008118	0.026958	0.259350	0.248706	0.588477
2021-07-29 06:19:17.000000 	210.000000	60.081452	-152.623920	921.762046	-0.022605	-0.005170	0.027060	0.302740	0.243508	0.446387	-0.156934	-0.005962	-0.005804	0.034651	0.222595	0.213458	0.505070
2021-07-29 06:19:18.000000 	211.000000	60.081452	-152.623920	921.762046	-0.050929	-0.014631	0.040914	0.251422	0.202239	0.370723	-0.112392	-0.024623	-0.010426	0.061375	0.184867	0.177278	0.419459
2021-07-29 06:19:19.000000 	212.000000	60.081452	-152.623920	921.762046	-0.023315	-0.010812	0.045888	0.303947	0.244499	0.448178	-0.149330	0.000634	-0.001120	0.052579	0.223494	0.214318	0.507095
2021-07-29 06:19:20.000000 	213.000000	60.081452	-152.623920	921.762046	-0.040211	-0.007120	0.029152	0.339291	0.272940	0.500299	-0.171908	-0.019247	-0.012168	0.044710	0.249489	0.239243	0.566067
2021-07-29 06:19:21.000000 	214.000000	60.081452	-152.623920	921.762046	-0.031015	-0.005605	0.048743	0.304952	0.245326	0.449670	-0.147125	-0.001794	-0.009284	0.057270	0.224244	0.215034	0.508781
2021-07-29 06:19:22.000000 	215.000000	60.081452	-152.623920	921.762046	-0.042160	-0.019669	0.035136	0.297975	0.239723	0.439388	-0.143880	-0.022763	-0.001921	0.053638	0.219120	0.210119	0.497147
2021-07-29 06:19:23.000000 	216.000000	60.081452	-152.623920	921.762046	-0.009503	-0.000446	0.002918	0.312419	0.251353	0.460693	-0.176031	-0.006037	-0.003974	0.006840	0.229748	0.220308	0.521251
2021-07-29 06:19:24.000000 	217.000000	60.081452	-152.623920	921.762046	-0.053134	-0.039654	0.042852	0.342577	0.275626	0.505169	-0.160938	-0.035326	0.010781	0.069770	0.251931	0.241578	0.571572
2021-07-29 06:19:25.000000 	218.000000	60.081452	-152.623920	921.762046	-0.045369	-0.044140	0.037689	0.320032	0.257498	0.471930	-0.151499	-0.033713	0.018334	0.062884	0.235358	0.225685	0.533963
2021-07-29 06:19:26.000000 	219.000000	60.081452	-152.623920	921.762046	-0.032279	-0.022369	0.029607	0.379661	0.305488	0.559868	-0.195809	-0.018993	0.005021	0.045089	0.279218	0.267740	0.633459
2021-07-29 06:19:27.000000 	220.000000	60.081452	-152.623920	921.762046	-0.012317	-0.005542	0.005394	0.294533	0.237000	0.434339	-0.163534	-0.008998	-0.000743	0.011401	0.216617	0.207711	0.491429
2021-07-29 06:19:28.000000 	221.000000	60.081452	-152.623920	921.762046	-0.028717	-0.004027	0.043013	0.253032	0.203614	0.373143	-0.120265	-0.002254	-0.009629	0.050923	0.186100	0.178447	0.422188
2021-07-29 06:19:29.000000 	222.000000	60.081452	-152.623920	921.762046	-0.037193	0.001934	0.062326	0.301027	0.242245	0.443926	-0.138112	0.003231	-0.018820	0.070050	0.221405	0.212299	0.502274
2021-07-29 06:19:30.000000 	223.000000	60.081452	-152.623920	921.762046	-0.056262	-0.002607	0.041365	0.351770	0.283090	0.518764	-0.169837	-0.023711	-0.023556	0.061369	0.258733	0.248090	0.586947
2021-07-29 06:19:31.000000 	224.000000	60.081452	-152.623920	921.762046	-0.049196	-0.010977	0.032541	0.297839	0.239698	0.439235	-0.143518	-0.026010	-0.012874	0.052511	0.219072	0.210058	0.496964
2021-07-29 06:19:32.000000 	225.000000	60.081452	-152.623920	921.762046	-0.007434	0.004313	0.019699	0.292331	0.235275	0.431118	-0.158842	0.005822	-0.007248	0.019377	0.215027	0.206178	0.487780
2021-07-29 06:19:33.000000 	226.000000	60.081452	-152.623920	921.762046	-0.043587	-0.010431	0.020215	0.348018	0.280104	0.513248	-0.179080	-0.027623	-0.010780	0.039218	0.255994	0.245458	0.580703
2021-07-29 06:19:34.000000 	227.000000	60.081452	-152.623920	921.762046	-0.044929	-0.012530	0.036844	0.344374	0.277182	0.507881	-0.170003	-0.021197	-0.009533	0.054707	0.253320	0.242893	0.574629
2021-07-29 06:19:35.000000 	228.000000	60.081452	-152.623920	921.762046	-0.039828	-0.001831	0.034342	0.340652	0.274198	0.502398	-0.171309	-0.014256	-0.016688	0.047825	0.250590	0.240272	0.568424
2021-07-29 06:19:36.000000 	229.000000	60.081452	-152.623920	921.762046	-0.028288	-0.000867	0.032662	0.301878	0.242997	0.445218	-0.153051	-0.005827	-0.012238	0.041037	0.222072	0.212928	0.503728
2021-07-29 06:19:37.000000 	230.000000	60.081452	-152.623920	921.762046	-0.044620	-0.018813	0.068994	0.252106	0.208593	0.425586	-0.096910	-0.007428	-0.003811	0.083876	0.206859	0.184088	0.459906
2021-07-29 06:19:38.000000 	231.000000	60.081452	-152.623920	921.762046	-0.007313	-0.008107	-0.040750	0.250173	0.184493	0.705697	-0.138106	-0.029184	0.003836	-0.030221	0.284429	0.181113	0.693491
2021-07-29 06:19:39.000000 	232.000000	60.081452	-152.623920	921.762046	-0.040563	-0.031753	0.043078	0.503074	0.390630	0.929114	-0.227924	-0.022389	0.009545	0.062586	0.400746	0.378356	0.982434
2021-07-29 06:19:40.000000 	233.000000	60.081452	-152.623920	921.762046	-0.005293	-0.016053	-0.030678	0.345904	0.268580	0.638913	-0.190595	-0.025773	0.011821	-0.020564	0.275550	0.260147	0.675567
2021-07-29 06:19:41.000000 	234.000000	60.081452	-152.623920	921.762046	0.000969	-0.017441	-0.040412	0.397652	0.308748	0.734579	-0.223354	-0.026361	0.015933	-0.031456	0.316779	0.299062	0.776706
2021-07-29 06:19:42.000000 	235.000000	60.081452	-152.623920	921.762046	-0.032105	-0.037616	0.006125	0.361673	0.280803	0.668193	-0.173524	-0.036647	0.018640	0.028156	0.288123	0.272000	0.706499
2021-07-29 06:19:43.000000 	236.000000	60.081452	-152.623920	921.762046	-0.028674	-0.027127	0.007734	0.440473	0.341971	0.813869	-0.215216	-0.029024	0.010904	0.025625	0.350904	0.331258	0.860510
2021-07-29 06:19:44.000000 	237.000000	60.081452	-152.623920	921.762046	-0.022417	-0.010848	0.031166	0.273873	0.212619	0.506097	-0.120625	-0.006032	-0.000675	0.039429	0.218186	0.205964	0.535090
2021-07-29 06:19:45.000000 	238.000000	60.081452	-152.623920	921.762046	-0.010274	-0.010761	-0.045588	0.393051	0.305131	0.726413	-0.220312	-0.034934	0.004832	-0.032494	0.313137	0.295587	0.768012
2021-07-29 06:19:46.000000 	239.000000	60.081452	-152.623920	921.762046	-0.032577	-0.022548	0.015683	0.317035	0.246110	0.585991	-0.146715	-0.026238	0.005043	0.033193	0.252581	0.238417	0.619537
2021-07-29 06:19:47.000000 	240.000000	60.081452	-152.623920	921.762046	-0.025938	-0.020222	-0.007889	0.397194	0.308325	0.734237	-0.200890	-0.031958	0.006030	0.009288	0.316450	0.298695	0.776255
2021-07-29 06:19:48.000000 	241.000000	60.081452	-152.623920	921.762046	-0.039664	-0.026220	0.035384	0.126587	0.098260	0.234030	0.088984	-0.023330	0.005045	0.054249	0.100855	0.095194	0.247418
2021-07-29 06:19:49.000000 	242.000000	60.081452	-152.623920	921.762046	-0.041310	-0.029396	-0.015435	0.361466	0.280571	0.668344	-0.180520	-0.051209	0.007109	0.011661	0.287996	0.271821	0.706564
2021-07-29 06:19:50.000000 	243.000000	60.081452	-152.623920	921.762046	-0.027854	-0.000737	-0.012181	0.392052	0.304300	0.724980	-0.199985	-0.027808	-0.012154	0.001949	0.312372	0.294817	0.766424
2021-07-29 06:19:51.000000 	244.000000	60.081452	-152.623920	921.762046	-0.028889	-0.014306	-0.014344	0.368401	0.285934	0.681324	-0.188120	-0.035091	-0.000580	0.003644	0.293534	0.277030	0.720258
2021-07-29 06:19:52.000000 	245.000000	60.081452	-152.623920	921.762046	-0.019889	0.002800	-0.004302	0.334195	0.259375	0.618133	-0.168923	-0.016338	-0.011632	0.004438	0.266284	0.251304	0.653444
2021-07-29 06:19:53.000000 	246.000000	60.081452	-152.623920	921.762046	-0.031663	-0.004769	0.001360	0.306387	0.237784	0.566763	-0.148358	-0.025592	-0.010324	0.016296	0.244132	0.230390	0.599128
2021-07-29 06:19:54.000000 	247.000000	60.081452	-152.623920	921.762046	-0.013368	-0.007604	-0.039700	0.386435	0.299897	0.714919	-0.213400	-0.033120	0.000606	-0.026745	0.307920	0.290580	0.755730
2021-07-29 06:19:55.000000 	248.000000	60.081452	-152.623920	921.762046	0.003235	-0.017199	-0.021130	0.271747	0.210885	0.502799	-0.150056	-0.014904	0.016761	-0.015802	0.216539	0.204338	0.531491
2021-07-29 06:19:56.000000 	249.000000	60.081452	-152.623920	921.762046	-0.005904	-0.029309	-0.018301	0.432947	0.335970	0.801151	-0.229117	-0.025353	0.023312	-0.006525	0.344996	0.325547	0.846852
2021-07-29 06:19:57.000000 	250.000000	60.081452	-152.623920	921.762046	-0.027339	-0.025021	0.001379	0.376662	0.292282	0.697079	-0.185410	-0.030326	0.009647	0.019043	0.300152	0.283221	0.736829
2021-07-29 06:19:58.000000 	251.000000	60.081452	-152.623920	921.762046	-0.010902	-0.024913	0.013576	0.332947	0.258351	0.616246	-0.161659	-0.011549	0.017110	0.022309	0.265321	0.250348	0.651375
2021-07-29 06:19:59.000000 	252.000000	60.081452	-152.623920	921.762046	-0.018696	-0.023157	-0.003802	0.384955	0.298695	0.712587	-0.194553	-0.025516	0.011967	0.010296	0.306772	0.289450	0.753193
2021-07-29 06:20:00.000000 	253.000000	60.081452	-152.623920	921.762046	-0.033344	-0.013950	0.028633	0.479425	0.371984	0.887562	-0.224791	-0.016943	-0.002945	0.042785	0.382063	0.360478	0.938121
2021-07-29 06:20:01.000000 	254.000000	60.081452	-152.623920	921.762046	-0.023470	-0.021348	-0.017236	0.300776	0.233362	0.556892	-0.155630	-0.035169	0.008165	0.000352	0.239699	0.226150	0.588603
2021-07-29 06:20:02.000000 	255.000000	60.081452	-152.623920	921.762046	-0.028702	-0.024586	-0.008913	0.389952	0.302540	0.722084	-0.196486	-0.036335	0.008635	0.010626	0.310773	0.293197	0.763187
2021-07-29 06:20:03.000000 	256.000000	60.081452	-152.623920	921.762046	-0.036324	-0.032137	0.009914	0.348208	0.270144	0.644859	-0.163757	-0.035821	0.011835	0.032052	0.277510	0.261807	0.681553
2021-07-29 06:20:04.000000 	257.000000	60.081452	-152.623920	921.762046	-0.034066	-0.014488	0.007847	0.346690	0.268957	0.642121	-0.165342	-0.028080	-0.002799	0.025212	0.276306	0.260663	0.678646
2021-07-29 06:20:05.000000 	258.000000	60.081452	-152.623920	921.762046	-0.035970	-0.005230	-0.022420	0.357806	0.277570	0.662785	-0.183958	-0.040952	-0.011896	-0.002301	0.285171	0.269018	0.700472
2021-07-29 06:20:06.000000 	259.000000	60.081452	-152.623920	921.762046	-0.025024	-0.022344	-0.019505	0.380071	0.294832	0.704108	-0.197219	-0.037894	0.008335	-0.000698	0.302923	0.285755	0.744131
2021-07-29 06:20:07.000000 	260.000000	60.081452	-152.623920	921.762046	-0.020883	-0.018525	-0.004040	0.373841	0.289989	0.692645	-0.188434	-0.025471	0.006848	0.009996	0.297964	0.281067	0.732002
2021-07-29 06:20:08.000000 	261.000000	60.081452	-152.623920	921.762046	-0.022144	-0.013767	0.008939	0.359285	0.278688	0.665751	-0.174831	-0.018072	0.002043	0.020713	0.286368	0.270120	0.703566
2021-07-29 06:20:09.000000 	262.000000	60.081452	-152.623920	921.762046	-0.023600	-0.013947	-0.011596	0.284343	0.220549	0.526944	-0.144833	-0.029506	0.001533	0.003601	0.226640	0.213774	0.556864
2021-07-29 06:20:10.000000 	263.000000	60.081452	-152.623920	921.762046	-0.023199	-0.024103	-0.005493	0.425853	0.330300	0.789282	-0.215072	-0.030201	0.010736	0.011042	0.339440	0.320161	0.834082
2021-07-29 06:20:11.000000 	264.000000	60.081452	-152.623920	921.762046	-0.024737	-0.012188	-0.031801	0.271210	0.210348	0.502721	-0.146402	-0.039758	-0.000552	-0.013812	0.216181	0.203896	0.531246
2021-07-29 06:20:12.000000 	265.000000	60.081452	-152.623920	921.762046	-0.030428	-0.014988	0.031010	0.410747	0.318560	0.761457	-0.188894	-0.013926	-0.000682	0.043792	0.327413	0.308797	0.804646
2021-07-29 06:20:13.000000 	266.000000	60.081452	-152.623920	921.762046	-0.022362	-0.003700	0.036224	0.319872	0.257864	0.471957	-0.163594	-0.000619	-0.006997	0.042150	0.235551	0.225789	0.533938
2021-07-29 06:20:14.000000 	267.000000	60.081452	-152.623920	921.762046	-0.041044	-0.009700	0.045651	0.290096	0.233870	0.428029	-0.136754	-0.012687	-0.010259	0.059971	0.213631	0.204776	0.484240
2021-07-29 06:20:15.000000 	268.000000	60.081452	-152.623920	921.762046	-0.025870	-0.012678	0.031072	0.324129	0.261318	0.478249	-0.166300	-0.009466	-0.000637	0.041297	0.238701	0.228805	0.541054
2021-07-29 06:20:16.000000 	269.000000	60.081452	-152.623920	921.762046	-0.035173	-0.011373	0.031489	0.301635	0.243192	0.445063	-0.150606	-0.015899	-0.006074	0.045480	0.222141	0.212930	0.503509
2021-07-29 06:20:17.000000 	270.000000	60.081452	-152.623920	921.762046	-0.051710	-0.027133	0.048582	0.349355	0.281677	0.515480	-0.164952	-0.026382	0.000317	0.071234	0.257292	0.246622	0.583171
2021-07-29 06:20:18.000000 	271.000000	60.081452	-152.623920	921.762046	-0.031705	-0.028505	0.038485	0.352646	0.284343	0.520343	-0.176441	-0.016568	0.010734	0.053936	0.259724	0.248951	0.588671
2021-07-29 06:20:19.000000 	272.000000	60.081452	-152.623920	921.762046	-0.024992	-0.003774	0.035409	0.294364	0.237359	0.434350	-0.148493	-0.003079	-0.008141	0.042625	0.216805	0.207811	0.491385
2021-07-29 06:20:20.000000 	273.000000	60.081452	-152.623920	921.762046	-0.037831	-0.003747	0.039911	0.302728	0.244113	0.446696	-0.147838	-0.010705	-0.014068	0.052208	0.222972	0.213720	0.505351
2021-07-29 06:20:21.000000 	274.000000	60.081452	-152.623920	921.762046	-0.039601	-0.009771	0.027916	0.326302	0.263133	0.481486	-0.165105	-0.020450	-0.009533	0.043977	0.240342	0.230367	0.544708
2021-07-29 06:20:22.000000 	275.000000	60.081452	-152.623920	921.762046	-0.049707	-0.006841	0.069077	0.316142	0.254951	0.466500	-0.140087	-0.006531	-0.016782	0.083456	0.232866	0.223200	0.527754
2021-07-29 06:20:23.000000 	276.000000	60.081452	-152.623920	921.762046	-0.032196	-0.014684	0.004660	0.330519	0.266556	0.487719	-0.178085	-0.028308	-0.001765	0.021666	0.243462	0.233355	0.551757
2021-07-29 06:20:24.000000 	277.000000	60.081452	-152.623920	921.762046	-0.030571	-0.013091	0.047686	0.292031	0.235526	0.430930	-0.139801	-0.004962	-0.002432	0.057874	0.215118	0.206186	0.487511
2021-07-29 06:20:25.000000 	278.000000	60.081452	-152.623920	921.762046	-0.047257	0.003860	0.043366	0.308847	0.249098	0.455749	-0.147709	-0.013204	-0.025158	0.057632	0.227512	0.218063	0.515588
2021-07-29 06:20:26.000000 	279.000000	60.081452	-152.623920	921.762046	-0.039407	-0.010486	0.048727	0.331254	0.267182	0.488820	-0.159823	-0.010206	-0.008809	0.062092	0.244025	0.233889	0.552999
2021-07-29 06:20:27.000000 	280.000000	60.081452	-152.623920	921.762046	-0.035104	0.002012	0.046166	0.316184	0.255037	0.466587	-0.154389	-0.003190	-0.017928	0.055100	0.232930	0.223254	0.527845
2021-07-29 06:20:28.000000 	281.000000	60.081452	-152.623920	921.762046	-0.030779	-0.018805	0.020124	0.373240	0.301071	0.550789	-0.196929	-0.021147	0.002546	0.035387	0.274971	0.263546	0.623101
2021-07-29 06:20:29.000000 	282.000000	60.081452	-152.623920	921.762046	-0.032906	-0.011413	0.043799	0.262461	0.211721	0.387318	-0.123785	-0.008029	-0.004996	0.055154	0.193365	0.185329	0.438167
2021-07-29 06:20:30.000000 	283.000000	60.081452	-152.623920	921.762046	-0.053407	-0.010045	0.023094	0.272236	0.219615	0.401747	-0.131105	-0.033591	-0.015638	0.045975	0.200572	0.192235	0.454489
2021-07-29 06:20:31.000000 	284.000000	60.081452	-152.623920	921.762046	-0.045970	-0.006314	0.044192	0.348166	0.280880	0.513804	-0.169860	-0.015857	-0.015531	0.060112	0.256522	0.245857	0.581256
2021-07-29 06:20:32.000000 	285.000000	60.081452	-152.623920	921.762046	-0.025905	-0.014922	0.038320	0.347048	0.279989	0.512159	-0.176498	-0.006772	0.001339	0.048109	0.255705	0.245073	0.579394
2021-07-29 06:20:33.000000 	286.000000	60.081452	-152.623920	921.762046	-0.036484	-0.011674	0.043786	0.278749	0.224897	0.411371	-0.132176	-0.010894	-0.006410	0.056788	0.205389	0.196847	0.465373
2021-07-29 06:20:34.000000 	287.000000	60.081452	-152.623920	921.762046	-0.044801	-0.007003	0.044700	0.271902	0.219381	0.401270	-0.125750	-0.014978	-0.014382	0.060192	0.200349	0.192016	0.453945
2021-07-29 06:20:35.000000 	288.000000	60.081452	-152.623920	921.762046	-0.023284	-0.007633	0.021066	0.355224	0.286621	0.524241	-0.189495	-0.010456	-0.003928	0.030321	0.261752	0.250863	0.593057
2021-07-29 06:20:36.000000 	289.000000	60.081452	-152.623920	921.762046	-0.048251	-0.021764	0.053510	0.280321	0.226193	0.413704	-0.124686	-0.019122	-0.002861	0.072741	0.206566	0.197970	0.468009
2021-07-29 06:20:37.000000 	290.000000	60.081452	-152.623920	921.762046	-0.042440	-0.014780	0.036480	0.433333	0.349674	0.639528	-0.222438	-0.020360	-0.006391	0.053806	0.319328	0.306038	0.723475
2021-07-29 06:20:38.000000 	291.000000	60.081452	-152.623920	921.762046	-0.029204	-0.015487	0.023043	0.283002	0.228375	0.417668	-0.144533	-0.017157	0.000324	0.036459	0.208553	0.199872	0.472492
2021-07-29 06:20:39.000000 	292.000000	60.081452	-152.623920	921.762046	-0.036666	-0.018243	0.041342	0.272259	0.219715	0.401818	-0.128688	-0.014871	-0.000661	0.056257	0.200643	0.192290	0.454560
2021-07-29 06:20:40.000000 	293.000000	60.081452	-152.623920	921.762046	-0.029984	-0.005749	0.028242	0.306481	0.247343	0.452330	-0.156838	-0.011283	-0.008682	0.039077	0.225870	0.216465	0.511701
2021-07-29 06:20:41.000000 	294.000000	60.081452	-152.623920	921.762046	-0.034066	-0.018427	0.043752	0.360738	0.291142	0.532413	-0.179672	-0.011742	0.000698	0.057235	0.265864	0.254791	0.602293
2021-07-29 06:20:42.000000 	295.000000	60.081452	-152.623920	921.762046	-0.038042	-0.005751	0.062861	0.315551	0.254683	0.465725	-0.145858	-0.000219	-0.012386	0.072652	0.232567	0.222880	0.526852
2021-07-29 06:20:43.000000 	296.000000	60.081452	-152.623920	921.762046	-0.048961	-0.007019	0.046970	0.277670	0.224119	0.409821	-0.126940	-0.017054	-0.016281	0.064006	0.204655	0.196129	0.463609
2021-07-29 06:20:44.000000 	297.000000	60.081452	-152.623920	921.762046	-0.040869	0.004537	0.040254	0.365761	0.295233	0.539843	-0.184028	-0.009570	-0.022821	0.051950	0.269590	0.258357	0.610694
2021-07-29 06:20:45.000000 	298.000000	60.081452	-152.623920	921.762046	-0.013411	-0.000801	0.012905	0.332508	0.257586	0.618723	-0.161643	-0.004205	-0.005456	0.017309	0.265239	0.249890	0.653402
2021-07-29 06:20:46.000000 	299.000000	60.081452	-152.623920	921.762046	-0.030840	-0.006365	0.001640	0.385516	0.298639	0.717440	-0.189046	-0.025455	-0.008529	0.016540	0.307530	0.289724	0.757637
2021-07-29 06:20:47.000000 	300.000000	60.081452	-152.623920	921.762046	-0.024025	-0.019833	-0.000831	0.375987	0.291247	0.699784	-0.186849	-0.026810	0.006564	0.014469	0.299935	0.282559	0.738977
2021-07-29 06:20:48.000000 	301.000000	60.081452	-152.623920	921.762046	-0.038036	-0.026534	-0.005421	0.377324	0.292273	0.702352	-0.185121	-0.042554	0.006072	0.018233	0.301009	0.283561	0.741675
2021-07-29 06:20:49.000000 	302.000000	60.081452	-152.623920	921.762046	-0.010096	-0.023107	-0.025752	0.323692	0.250722	0.602590	-0.174802	-0.029824	0.015876	-0.012549	0.258230	0.243254	0.636315
2021-07-29 06:20:50.000000 	303.000000	60.081452	-152.623920	921.762046	-0.027590	-0.022535	0.002152	0.366102	0.283562	0.681618	-0.179238	-0.029143	0.007324	0.019253	0.292070	0.275123	0.719752
2021-07-29 06:20:51.000000 	304.000000	60.081452	-152.623920	921.762046	-0.018378	-0.019174	0.001459	0.417092	0.323045	0.776640	-0.208583	-0.021059	0.008576	0.013802	0.332757	0.313438	0.820075
2021-07-29 06:20:52.000000 	305.000000	60.081452	-152.623920	921.762046	-0.028382	-0.022527	-0.031641	0.324968	0.251684	0.605170	-0.172542	-0.046604	0.006953	-0.009687	0.259266	0.244206	0.639003
2021-07-29 06:20:53.000000 	306.000000	60.081452	-152.623920	921.762046	-0.028908	-0.020622	0.021304	0.336888	0.260907	0.627438	-0.155128	-0.019843	0.005019	0.035998	0.268782	0.253161	0.662503
2021-07-29 06:20:54.000000 	307.000000	60.081452	-152.623920	921.762046	-0.019290	-0.012375	-0.027722	0.355775	0.275525	0.662688	-0.189974	-0.033605	0.002119	-0.012646	0.283857	0.267351	0.699709
2021-07-29 06:20:55.000000 	308.000000	60.081452	-152.623920	921.762046	-0.027723	-0.017840	0.011999	0.364567	0.282324	0.679141	-0.174101	-0.022463	0.003094	0.026770	0.290879	0.273955	0.717068
2021-07-29 06:20:56.000000 	309.000000	60.081452	-152.623920	921.762046	-0.008365	-0.020215	-0.032493	0.364567	0.282315	0.679219	-0.199499	-0.030702	0.014104	-0.019821	0.290886	0.273953	0.717136
2021-07-29 06:20:57.000000 	310.000000	60.081452	-152.623920	921.762046	-0.026161	-0.024400	0.013240	0.331347	0.256582	0.617396	-0.156527	-0.023256	0.009638	0.028659	0.264386	0.248987	0.651850
2021-07-29 06:20:58.000000 	311.000000	60.081452	-152.623920	921.762046	-0.014873	-0.018628	-0.020640	0.478470	0.370495	0.891630	0.240085	-0.029166	0.009703	-0.007030	0.381787	0.359538	0.941369
2021-07-29 06:20:59.000000 	312.000000	60.081452	-152.623920	921.762046	-0.025728	-0.021151	-0.004025	0.298061	0.230791	0.555500	-0.147368	-0.030239	0.006952	0.012757	0.237838	0.223971	0.586476
2021-07-29 06:21:00.000000 	313.000000	60.081452	-152.623920	921.762046	-0.010958	-0.017812	0.002055	0.438821	0.339771	0.817927	-0.221458	-0.014508	0.010778	0.010720	0.350166	0.329738	0.863521
2021-07-29 06:21:01.000000 	314.000000	60.081452	-152.623920	921.762046	-0.040432	-0.021718	0.006681	0.327053	0.253222	0.609669	-0.153059	-0.036443	0.000694	0.028679	0.260985	0.245751	0.643642
2021-07-29 06:21:02.000000 	315.000000	60.081452	-152.623920	921.762046	-0.012745	-0.000135	-0.004890	1.254983	0.971644	2.339714	-0.644452	-0.012302	-0.005741	0.001437	1.001487	0.943000	2.470042
2021-07-29 06:21:03.000000 	316.000000	60.081452	-152.623920	921.762046	-0.039671	-0.018426	-0.008742	0.360274	0.278925	0.671748	-0.177418	-0.042238	-0.001880	0.014220	0.287509	0.270709	0.709153
2021-07-29 06:21:04.000000 	317.000000	60.081452	-152.623920	921.762046	-0.023220	-0.009022	-0.013009	0.329782	0.255310	0.614964	-0.168893	-0.027956	-0.002665	0.001078	0.263182	0.247795	0.649194
2021-07-29 06:21:05.000000 	318.000000	60.081452	-152.623920	921.762046	-0.021752	-0.022394	-0.015036	0.434081	0.336044	0.809546	-0.223632	-0.033166	0.009884	0.001738	0.346425	0.326161	0.854591
2021-07-29 06:21:06.000000 	319.000000	60.081452	-152.623920	921.762046	-0.015385	-0.005983	0.008402	0.314040	0.243106	0.585740	-0.153447	-0.010035	-0.001761	0.015469	0.250631	0.235962	0.618320
2021-07-29 06:21:07.000000 	320.000000	60.081452	-152.623920	921.762046	-0.027175	-0.015216	-0.008962	0.296394	0.229439	0.552890	-0.148439	-0.031450	0.001016	0.007758	0.236554	0.222702	0.583632
2021-07-29 06:21:08.000000 	321.000000	60.081452	-152.623920	921.762046	-0.028301	-0.037667	-0.018730	0.425643	0.329479	0.794079	-0.218260	-0.046137	0.020435	0.004939	0.339716	0.319812	0.838214
2021-07-29 06:21:09.000000 	322.000000	60.081452	-152.623920	921.762046	-0.025631	-0.007345	0.006376	0.384939	0.297962	0.718222	-0.187955	-0.019475	-0.005264	0.018563	0.307237	0.289226	0.758126
2021-07-29 06:21:10.000000 	323.000000	60.081452	-152.623920	921.762046	-0.013005	-0.026578	-0.021187	0.286451	0.221719	0.534521	-0.152362	-0.031170	0.017621	-0.006508	0.228634	0.215224	0.564209
2021-07-29 06:21:11.000000 	324.000000	60.081452	-152.623920	921.762046	-0.042485	-0.018147	0.023277	0.334072	0.258571	0.623454	-0.148724	-0.028322	-0.003421	0.043154	0.266651	0.251003	0.658068
2021-07-29 06:21:12.000000 	325.000000	60.081452	-152.623920	921.762046	-0.012245	-0.023065	-0.035591	0.460887	0.356714	0.860215	-0.249261	-0.036369	0.014851	-0.020135	0.367881	0.346281	0.907957
2021-07-29 06:21:13.000000 	326.000000	60.081452	-152.623920	921.762046	-0.010744	-0.010802	-0.015246	0.331954	0.256915	0.619641	-0.174532	-0.020178	0.004652	-0.005978	0.264973	0.249407	0.654017
2021-07-29 06:21:14.000000 	327.000000	60.081452	-152.623920	921.762046	-0.025171	-0.023640	-0.006101	0.304455	0.235624	0.568372	-0.151560	-0.031838	0.009418	0.011282	0.243029	0.228744	0.599893
2021-07-29 06:21:15.000000 	328.000000	60.081452	-152.623920	921.762046	-0.027089	-0.028130	-0.003896	0.370679	0.286867	0.692081	-0.184025	-0.034004	0.012523	0.015073	0.295899	0.278497	0.730448
2021-07-29 06:21:16.000000 	329.000000	60.081452	-152.623920	921.762046	-0.020701	-0.014541	-0.004745	0.374362	0.289707	0.699035	-0.188705	-0.024095	0.003394	0.008392	0.298846	0.281261	0.737774
2021-07-29 06:21:17.000000 	330.000000	60.081452	-152.623920	921.762046	-0.027261	-0.012745	0.006724	0.402362	0.311366	0.751403	-0.196119	-0.022708	-0.001218	0.020825	0.321206	0.302295	0.793029
2021-07-29 06:21:18.000000 	331.000000	60.081452	-152.623920	921.762046	-0.011928	-0.012471	-0.011846	0.335535	0.259643	0.626676	-0.174431	-0.020059	0.005590	-0.002125	0.267865	0.252086	0.661379
