2021-07-29 06:12:43.000000 	-184.000000	57.567248	-157.574218	51.800058	-0.035224	-0.009359	0.007283	0.322487	0.258707	0.475050	-0.172262	-0.026589	-0.004787	0.025524	0.235632	0.229401	0.537078
2021-07-29 06:12:44.000000 	-183.000000	57.567248	-157.574218	51.800058	-0.025594	-0.009290	0.011274	0.344609	0.276461	0.507649	-0.186312	-0.016913	-0.001177	0.024104	0.251797	0.245139	0.573932
2021-07-29 06:12:45.000000 	-182.000000	57.567248	-157.574218	51.800058	-0.031754	-0.024226	0.014145	0.283949	0.227804	0.418300	-0.146620	-0.024988	0.010280	0.032637	0.207476	0.201990	0.472917
2021-07-29 06:12:46.000000 	-181.000000	57.567248	-157.574218	51.800058	-0.038750	-0.016340	0.021085	0.352957	0.283175	0.519971	-0.182825	-0.024186	0.000321	0.040349	0.257900	0.251082	0.587863
2021-07-29 06:12:47.000000 	-180.000000	57.567248	-157.574218	51.800058	-0.037138	-0.005851	0.032585	0.348829	0.279871	0.513902	-0.177486	-0.013383	-0.008759	0.047111	0.254885	0.248147	0.581001
2021-07-29 06:12:48.000000 	-179.000000	57.567248	-157.574218	51.800058	-0.028830	-0.017848	0.010813	0.279218	0.224028	0.411360	-0.146825	-0.022441	0.005500	0.027070	0.204023	0.198630	0.465070
2021-07-29 06:12:49.000000 	-178.000000	57.567248	-157.574218	51.800058	-0.032451	-0.012982	0.011125	0.279713	0.224431	0.412098	-0.146503	-0.023532	-0.000379	0.028134	0.204385	0.198983	0.465904
2021-07-29 06:12:50.000000 	-177.000000	57.567248	-157.574218	51.800058	-0.032778	-0.014573	0.016145	0.329088	0.264056	0.484854	-0.172861	-0.021607	0.000967	0.032858	0.240465	0.234109	0.548159
2021-07-29 06:12:51.000000 	-176.000000	57.567248	-157.574218	51.800058	-0.034006	-0.006238	0.006803	0.298878	0.239823	0.440355	-0.159474	-0.024891	-0.007206	0.023877	0.218392	0.212620	0.497849
2021-07-29 06:12:52.000000 	-175.000000	57.567248	-157.574218	51.800058	-0.044658	-0.012880	0.029060	0.372086	0.298575	0.548231	-0.189450	-0.023404	-0.005131	0.049301	0.271887	0.264702	0.619808
2021-07-29 06:12:53.000000 	-174.000000	57.567248	-157.574218	51.800058	-0.026891	-0.016359	0.002548	0.240835	0.193260	0.354854	-0.128468	-0.024881	0.004864	0.018829	0.175981	0.171331	0.401183
2021-07-29 06:12:54.000000 	-173.000000	57.567248	-157.574218	51.800058	-0.033106	-0.016265	0.027243	0.344302	0.276297	0.507318	-0.177059	-0.016455	0.002406	0.042733	0.251588	0.244941	0.573553
2021-07-29 06:12:55.000000 	-172.000000	57.567248	-157.574218	51.800058	-0.019853	-0.010999	-0.009930	0.336506	0.270048	0.495842	-0.191145	-0.024356	0.002594	0.003711	0.245893	0.239396	0.560579
2021-07-29 06:12:56.000000 	-171.000000	57.567248	-157.574218	51.800058	-0.036930	-0.009654	0.024231	0.271391	0.217800	0.399905	-0.135684	-0.018926	-0.005165	0.040735	0.198314	0.193074	0.452116
2021-07-29 06:12:57.000000 	-170.000000	57.567248	-157.574218	51.800058	-0.036145	-0.026111	0.031443	0.352285	0.282728	0.519118	-0.178006	-0.019744	0.010347	0.049799	0.257427	0.250626	0.586892
2021-07-29 06:12:58.000000 	-169.000000	57.567248	-157.574218	51.800058	-0.035948	-0.005266	0.008142	0.283035	0.227158	0.417082	-0.149303	-0.025375	-0.008846	0.025771	0.206825	0.201361	0.471534
2021-07-29 06:12:59.000000 	-168.000000	57.567248	-157.574218	51.800058	-0.018589	-0.005712	0.019473	0.335570	0.269330	0.494510	-0.180175	-0.005899	-0.001811	0.026820	0.245216	0.238738	0.559070
2021-07-29 06:13:00.000000 	-167.000000	57.567248	-157.574218	51.800058	-0.043183	-0.016392	0.006804	0.280329	0.224999	0.413114	-0.144761	-0.035320	-0.001321	0.030504	0.204850	0.199439	0.467047
2021-07-29 06:13:01.000000 	-166.000000	57.567248	-157.574218	51.800058	-0.020753	-0.018708	0.009431	0.331791	0.266312	0.488964	-0.179897	-0.017158	0.009376	0.022076	0.242457	0.236054	0.552799
2021-07-29 06:13:02.000000 	-165.000000	57.567248	-157.574218	51.800058	-0.037776	-0.011409	0.033845	0.321040	0.257691	0.473132	-0.160220	-0.014994	-0.003865	0.049628	0.234603	0.228407	0.534899
2021-07-29 06:13:03.000000 	-164.000000	57.567248	-157.574218	51.800058	-0.031168	-0.011432	0.002391	0.382504	0.307035	0.563726	-0.209788	-0.026715	-0.001323	0.019809	0.279519	0.272138	0.637320
2021-07-29 06:13:04.000000 	-163.000000	57.567248	-157.574218	51.800058	-0.035217	-0.017415	0.024471	0.232491	0.186626	0.342649	-0.112712	-0.019959	0.002664	0.041676	0.169897	0.165411	0.387381
2021-07-29 06:13:05.000000 	-162.000000	57.567248	-157.574218	51.800058	-0.028629	0.001301	0.004459	0.328214	0.263473	0.483738	-0.179644	-0.019526	-0.012124	0.017691	0.239850	0.233517	0.546889
2021-07-29 06:13:06.000000 	-161.000000	57.567248	-157.574218	51.800058	-0.046192	-0.024048	0.030952	0.317782	0.255106	0.468374	-0.155579	-0.027182	0.004607	0.053944	0.232228	0.226097	0.529518
2021-07-29 06:13:07.000000 	-160.000000	57.567248	-157.574218	51.800058	-0.018021	-0.010030	0.002716	0.323618	0.259799	0.476987	-0.179543	-0.015833	0.002397	0.013278	0.236494	0.230251	0.539254
2021-07-29 06:13:08.000000 	-159.000000	57.567248	-157.574218	51.800058	-0.036286	-0.019417	0.023263	0.297590	0.238911	0.438633	-0.150340	-0.022086	0.004106	0.041596	0.217475	0.211734	0.495894
2021-07-29 06:13:09.000000 	-158.000000	57.567248	-157.574218	51.800058	-0.030631	-0.004199	0.006434	0.343437	0.275726	0.506222	-0.186593	-0.021800	-0.007804	0.021475	0.250981	0.244356	0.572305
2021-07-29 06:13:10.000000 	-157.000000	57.567248	-157.574218	51.800058	-0.039570	-0.012681	0.022745	0.270753	0.217378	0.399096	-0.134783	-0.022757	-0.003374	0.041409	0.197866	0.192643	0.451194
2021-07-29 06:13:11.000000 	-156.000000	57.567248	-157.574218	51.800058	-0.028575	-0.020233	0.028744	0.366134	0.293966	0.539702	-0.189878	-0.013393	0.007802	0.042567	0.267572	0.260510	0.610154
2021-07-29 06:13:12.000000 	-155.000000	57.567248	-157.574218	51.800058	-0.035719	-0.012370	-0.011118	0.291029	0.233671	0.429003	-0.160339	-0.037814	-0.002192	0.010855	0.212686	0.207073	0.485004
2021-07-29 06:13:13.000000 	-154.000000	57.567248	-157.574218	51.800058	-0.040931	-0.011787	0.034139	0.285859	0.229527	0.421391	-0.138795	-0.017420	-0.004720	0.051517	0.208909	0.203396	0.476398
2021-07-29 06:13:14.000000 	-153.000000	57.567248	-157.574218	51.800058	-0.018867	-0.017709	0.007622	0.338683	0.271950	0.499272	-0.185220	-0.016334	0.009172	0.019409	0.247516	0.240984	0.564445
2021-07-29 06:13:15.000000 	-152.000000	57.567248	-157.574218	51.800058	-0.030434	-0.001560	0.009693	0.312331	0.250798	0.460435	-0.167685	-0.019048	-0.010168	0.023589	0.228259	0.222236	0.520538
2021-07-29 06:13:16.000000 	-151.000000	57.567248	-157.574218	51.800058	-0.048802	-0.019454	0.026205	0.359471	0.288659	0.529941	-0.181328	-0.030284	-0.000634	0.050292	0.262712	0.255780	0.599116
2021-07-29 06:13:17.000000 	-150.000000	57.567248	-157.574218	51.800058	-0.016044	-0.020127	0.008425	0.265490	0.213198	0.391402	-0.143106	-0.014480	0.012484	0.019182	0.194030	0.188910	0.442492
2021-07-29 06:13:18.000000 	-149.000000	57.567248	-157.574218	51.800058	-0.039906	-0.013874	0.025307	0.339400	0.272559	0.500375	-0.173316	-0.022029	-0.002399	0.043981	0.248047	0.241503	0.565690
2021-07-29 06:13:19.000000 	-148.000000	57.567248	-157.574218	51.800058	-0.024425	-0.006654	0.002331	0.361555	0.290359	0.533051	-0.200166	-0.019949	-0.003167	0.015438	0.264241	0.257270	0.602630
2021-07-29 06:13:20.000000 	-147.000000	57.567248	-157.574218	51.800058	-0.044456	-0.015937	0.020040	0.217530	0.174700	0.320717	-0.102944	-0.029068	-0.002228	0.042213	0.158982	0.154788	0.362580
2021-07-29 06:13:21.000000 	-146.000000	57.567248	-157.574218	51.800058	-0.037680	-0.012994	0.040123	0.388910	0.312346	0.573407	-0.196824	-0.012063	-0.002363	0.055203	0.284237	0.276740	0.648252
2021-07-29 06:13:22.000000 	-145.000000	57.567248	-157.574218	51.800058	-0.024198	-0.017004	0.001664	0.254167	0.204136	0.374751	-0.137254	-0.023462	0.006487	0.016880	0.185761	0.180861	0.423666
2021-07-29 06:13:23.000000 	-144.000000	57.567248	-157.574218	51.800058	-0.031312	-0.015558	0.017847	0.308044	0.247416	0.454200	-0.160383	-0.019867	0.002437	0.033769	0.225140	0.219202	0.513484
2021-07-29 06:13:24.000000 	-143.000000	57.567248	-157.574218	51.800058	-0.036945	-0.003988	0.000889	0.342985	0.275488	0.505731	-0.186579	-0.029631	-0.010408	0.019882	0.250679	0.244068	0.571740
2021-07-29 06:13:25.000000 	-142.000000	57.567248	-157.574218	51.800058	-0.033724	-0.020216	0.031820	0.334865	0.268974	0.493769	-0.169210	-0.015755	0.005822	0.047711	0.244746	0.238292	0.558217
2021-07-29 06:13:26.000000 	-141.000000	57.567248	-157.574218	51.800058	-0.048659	-0.015787	0.025041	0.316680	0.254375	0.466966	-0.157423	-0.029617	-0.003969	0.048488	0.231457	0.225354	0.527915
2021-07-29 06:13:27.000000 	-140.000000	57.567248	-157.574218	51.800058	-0.023460	-0.008571	0.010515	0.287789	0.231175	0.424373	-0.154528	-0.015423	-0.001027	0.022259	0.210342	0.204796	0.479762
2021-07-29 06:13:28.000000 	-139.000000	57.567248	-157.574218	51.800058	-0.032851	-0.015174	0.023507	0.311349	0.250108	0.459125	-0.159707	-0.017909	0.001494	0.039231	0.227564	0.221564	0.519049
2021-07-29 06:13:29.000000 	-138.000000	57.567248	-157.574218	51.800058	-0.032482	-0.023882	0.002970	0.331451	0.266264	0.488779	-0.178205	-0.031439	0.009684	0.023496	0.242258	0.235871	0.552573
2021-07-29 06:13:30.000000 	-137.000000	57.567248	-157.574218	51.800058	-0.029895	-0.008828	0.025775	0.314692	0.252809	0.464076	-0.162264	-0.012343	-0.003245	0.038382	0.230011	0.223947	0.524646
2021-07-29 06:13:31.000000 	-136.000000	57.567248	-157.574218	51.800058	-0.026987	-0.011605	-0.002890	0.330699	0.265676	0.487692	-0.183068	-0.026341	0.000432	0.013314	0.241712	0.235340	0.551343
2021-07-29 06:13:32.000000 	-135.000000	57.567248	-157.574218	51.800058	-0.044915	-0.016269	0.046030	0.281350	0.226037	0.414926	-0.129840	-0.015594	-0.002096	0.064446	0.205644	0.200224	0.469079
2021-07-29 06:13:33.000000 	-134.000000	57.567248	-157.574218	51.800058	-0.031846	-0.012308	0.010472	0.307329	0.246916	0.453249	-0.163016	-0.023192	-0.000771	0.027145	0.224635	0.218714	0.512403
2021-07-29 06:13:34.000000 	-133.000000	57.567248	-157.574218	51.800058	-0.023780	-0.014645	0.009104	0.383882	0.308431	0.566162	-0.209774	-0.018386	0.004465	0.022469	0.280592	0.273196	0.640052
2021-07-29 06:13:35.000000 	-132.000000	57.567248	-157.574218	51.800058	-0.040295	-0.006956	0.002848	0.315859	0.253785	0.465851	-0.168819	-0.032149	-0.008942	0.023803	0.230874	0.224789	0.526648
2021-07-29 06:13:36.000000 	-131.000000	57.567248	-157.574218	51.800058	-0.025565	-0.016414	0.008037	0.257108	0.206586	0.379208	-0.136249	-0.020920	0.005420	0.022816	0.187931	0.182979	0.428697
2021-07-29 06:13:37.000000 	-130.000000	57.567248	-157.574218	51.800058	-0.047611	-0.014966	0.039247	0.365428	0.293631	0.538983	-0.180586	-0.020916	-0.004329	0.059791	0.267110	0.260071	0.609323
2021-07-29 06:13:38.000000 	-129.000000	57.567248	-157.574218	51.800058	-0.029038	-0.015560	0.031219	0.245283	0.197097	0.361784	-0.119520	-0.010922	0.003306	0.043928	0.179291	0.174567	0.408999
2021-07-29 06:13:39.000000 	-128.000000	57.567248	-157.574218	51.800058	-0.028017	-0.005619	0.002074	0.360714	0.289860	0.532053	-0.198884	-0.022556	-0.005494	0.016790	0.263668	0.256721	0.601488
2021-07-29 06:13:40.000000 	-127.000000	57.567248	-157.574218	51.800058	-0.039765	-0.012650	0.019592	0.322729	0.259344	0.476035	-0.166068	-0.024590	-0.003476	0.038838	0.235904	0.229689	0.538159
2021-07-29 06:13:41.000000 	-126.000000	57.567248	-157.574218	51.800058	-0.021739	-0.018551	0.003602	0.314436	0.252689	0.463815	-0.171899	-0.021002	0.008855	0.017613	0.229845	0.223790	0.524343
2021-07-29 06:13:42.000000 	-125.000000	57.567248	-157.574218	51.800058	-0.035752	-0.014910	0.025819	0.333708	0.268184	0.492253	-0.170945	-0.018847	0.000143	0.042566	0.243934	0.237508	0.556492
2021-07-29 06:13:43.000000 	-124.000000	57.567248	-157.574218	51.800058	-0.030544	-0.012471	0.009854	0.283706	0.228007	0.418504	-0.149964	-0.022561	-0.000124	0.026011	0.207386	0.201923	0.473118
2021-07-29 06:13:44.000000 	-123.000000	57.567248	-157.574218	51.800058	-0.036459	-0.019501	0.035643	0.402881	0.323795	0.594316	-0.206343	-0.015608	0.004118	0.052148	0.294503	0.286745	0.671872
2021-07-29 06:13:45.000000 	-122.000000	57.567248	-157.574218	51.800058	-0.042258	-0.007366	0.011121	0.246366	0.198010	0.363439	-0.124723	-0.029377	-0.009311	0.031842	0.180094	0.175350	0.410867
2021-07-29 06:13:46.000000 	-121.000000	57.567248	-157.574218	51.800058	-0.021456	-0.011426	0.009316	0.279080	0.224310	0.411708	-0.150233	-0.015423	0.002376	0.020838	0.204009	0.198636	0.465434
2021-07-29 06:13:47.000000 	-120.000000	57.567248	-157.574218	51.800058	-0.036308	-0.017705	0.006244	0.345636	0.277813	0.509904	-0.184857	-0.030679	0.002515	0.026892	0.252664	0.246010	0.576443
2021-07-29 06:13:48.000000 	-119.000000	57.567248	-157.574218	51.800058	-0.031260	-0.008355	0.008517	0.317842	0.255481	0.468912	-0.170451	-0.022511	-0.004202	0.024395	0.232349	0.226230	0.530101
2021-07-29 06:13:49.000000 	-118.000000	57.567248	-157.574218	51.800058	-0.033202	-0.004257	0.021582	0.325573	0.261703	0.480328	-0.169717	-0.015700	-0.008731	0.035547	0.238002	0.231735	0.543006
2021-07-29 06:13:50.000000 	-117.000000	57.567248	-157.574218	51.800058	-0.039608	-0.026507	0.031686	0.330000	0.265270	0.486870	-0.164045	-0.022443	0.009392	0.051803	0.241241	0.234888	0.550401
2021-07-29 06:13:51.000000 	-116.000000	57.567248	-157.574218	51.800058	-0.034413	-0.009919	0.021370	0.302271	0.242988	0.445970	-0.155429	-0.018582	-0.003959	0.037126	0.220972	0.215154	0.504163
2021-07-29 06:13:52.000000 	-115.000000	57.567248	-157.574218	51.800058	-0.029742	-0.016876	0.023907	0.348414	0.280089	0.514060	-0.181673	-0.015816	0.004253	0.038376	0.254706	0.248000	0.581137
2021-07-29 06:13:53.000000 	-114.000000	57.567248	-157.574218	51.800058	-0.030663	-0.008897	-0.001932	0.279489	0.224688	0.412376	-0.152307	-0.027824	-0.003473	0.015390	0.204321	0.198942	0.466184
2021-07-29 06:13:54.000000 	-113.000000	57.567248	-157.574218	51.800058	-0.037506	-0.021913	0.029790	0.344897	0.277279	0.508893	-0.174578	-0.020341	0.005948	0.048220	0.252140	0.245502	0.575295
2021-07-29 06:13:55.000000 	-112.000000	57.567248	-157.574218	51.800058	-0.025007	-0.005456	0.018493	0.301641	0.242512	0.445080	-0.159330	-0.011349	-0.004496	0.029121	0.220520	0.214714	0.503154
2021-07-29 06:13:56.000000 	-111.000000	57.567248	-157.574218	51.800058	-0.040094	-0.018387	0.014299	0.260851	0.209724	0.384901	-0.131457	-0.029533	0.001701	0.035707	0.190701	0.185681	0.435123
2021-07-29 06:13:57.000000 	-110.000000	57.567248	-157.574218	51.800058	-0.030297	-0.007521	0.028846	0.374869	0.301404	0.553154	-0.195841	-0.010588	-0.004606	0.040905	0.274059	0.266845	0.625329
2021-07-29 06:13:58.000000 	-109.000000	57.567248	-157.574218	51.800058	-0.026304	-0.017543	-0.013618	0.322026	0.258924	0.475189	-0.181541	-0.033474	0.006181	0.005135	0.235428	0.229232	0.537190
2021-07-29 06:13:59.000000 	-108.000000	57.567248	-157.574218	51.800058	-0.038396	-0.016555	0.036777	0.317332	0.255158	0.468273	-0.156256	-0.015563	0.000656	0.053462	0.231999	0.225893	0.529371
2021-07-29 06:14:00.000000 	-107.000000	57.567248	-157.574218	51.800058	-0.040251	-0.014641	0.023505	0.287182	0.230923	0.423792	-0.143642	-0.023512	-0.001822	0.042788	0.209959	0.204433	0.479086
2021-07-29 06:14:01.000000 	-106.000000	57.567248	-157.574218	51.800058	-0.025761	-0.013549	0.016055	0.316743	0.254701	0.467425	-0.167945	-0.015851	0.002697	0.029094	0.231573	0.225479	0.528411
2021-07-29 06:14:02.000000 	-105.000000	57.567248	-157.574218	51.800058	-0.035402	-0.012351	0.022323	0.328706	0.264328	0.485089	-0.169816	-0.019625	-0.002088	0.038918	0.240321	0.233997	0.548379
2021-07-29 06:14:03.000000 	-104.000000	57.567248	-157.574218	51.800058	-0.029267	-0.007769	-0.003909	0.298292	0.239879	0.440215	-0.164486	-0.027432	-0.003983	0.012800	0.218087	0.212349	0.497650
2021-07-29 06:14:04.000000 	-103.000000	57.567248	-157.574218	51.800058	-0.041928	-0.014752	0.027986	0.332704	0.267561	0.491011	-0.167772	-0.022453	-0.002358	0.047425	0.243249	0.236849	0.555072
2021-07-29 06:14:05.000000 	-102.000000	57.567248	-157.574218	51.800058	-0.021482	-0.016349	0.020132	0.297290	0.239088	0.438755	-0.155973	-0.011227	0.006917	0.030987	0.217359	0.211640	0.495998
2021-07-29 06:14:06.000000 	-101.000000	57.567248	-157.574218	51.800058	-0.030031	-0.018015	0.013732	0.278486	0.223973	0.411013	-0.144993	-0.021866	0.005196	0.030164	0.203613	0.198256	0.464636
2021-07-29 06:14:07.000000 	-100.000000	57.567248	-157.574218	51.800058	-0.036747	-0.000196	0.017633	0.363275	0.292173	0.536163	-0.192401	-0.019276	-0.013838	0.033140	0.265608	0.258621	0.606113
2021-07-29 06:14:08.000000 	-99.000000	57.567248	-157.574218	51.800058	-0.032646	-0.015591	0.004791	0.305632	0.245820	0.451097	-0.163608	-0.027921	0.001958	0.023418	0.223465	0.217586	0.509948
2021-07-29 06:14:09.000000 	-98.000000	57.567248	-157.574218	51.800058	-0.033493	-0.022131	0.040158	0.320736	0.257977	0.473401	-0.157623	-0.011720	0.007680	0.055027	0.234511	0.228342	0.535160
2021-07-29 06:14:10.000000 	-97.000000	57.567248	-157.574218	51.800058	-0.027880	-0.011667	0.014346	0.304698	0.245084	0.449737	-0.161274	-0.017814	0.000148	0.028317	0.222786	0.216926	0.508409
2021-07-29 06:14:11.000000 	-96.000000	57.567248	-157.574218	51.800058	-0.040999	0.003545	0.015357	0.256480	0.206307	0.378576	-0.130382	-0.022609	-0.018917	0.032562	0.187532	0.182600	0.427963
2021-07-29 06:14:12.000000 	-95.000000	57.567248	-157.574218	51.800058	-0.023791	-0.025065	0.010848	0.397261	0.319558	0.586387	-0.215620	-0.020814	0.014093	0.026078	0.290471	0.282832	0.662885
2021-07-29 06:14:13.000000 	-94.000000	57.567248	-157.574218	51.800058	-0.041111	-0.018387	0.028155	0.236600	0.190328	0.349248	-0.111818	-0.022895	0.001314	0.047906	0.173000	0.168451	0.394808
2021-07-29 06:14:14.000000 	-93.000000	57.567248	-157.574218	51.800058	-0.032015	-0.008326	0.012269	0.366393	0.294746	0.540847	-0.196891	-0.021079	-0.004517	0.027930	0.267906	0.260861	0.611401
2021-07-29 06:14:15.000000 	-92.000000	57.567248	-157.574218	51.800058	-0.028134	-0.018898	0.014652	0.377636	0.303800	0.557456	-0.202396	-0.020177	0.006736	0.030180	0.276130	0.268869	0.630176
2021-07-29 06:14:16.000000 	-91.000000	57.567248	-157.574218	51.800058	-0.031552	-0.007231	0.021133	0.247175	0.198853	0.364881	-0.124786	-0.015611	-0.005352	0.034958	0.180738	0.175985	0.412479
2021-07-29 06:14:17.000000 	-90.000000	57.567248	-157.574218	51.800058	-0.033899	-0.014186	0.009376	0.312467	0.251389	0.461275	-0.165643	-0.025987	0.000181	0.027621	0.228483	0.222475	0.521447
2021-07-29 06:14:18.000000 	-89.000000	57.567248	-157.574218	51.800058	-0.026341	-0.020044	0.016042	0.335379	0.269831	0.495109	-0.177812	-0.018401	0.008480	0.030699	0.245239	0.238791	0.559694
2021-07-29 06:14:19.000000 	-88.000000	57.567248	-157.574218	51.800058	-0.024592	-0.001448	0.016884	0.292403	0.235262	0.431675	-0.155152	-0.010598	-0.008043	0.026738	0.213816	0.208195	0.487985
2021-07-29 06:14:20.000000 	-87.000000	57.567248	-157.574218	51.800058	-0.050353	-0.024123	0.024016	0.329258	0.264923	0.486094	-0.163694	-0.034172	0.003090	0.050168	0.240768	0.234438	0.549501
2021-07-29 06:14:21.000000 	-86.000000	57.567248	-157.574218	51.800058	-0.021256	-0.005417	0.015293	0.338446	0.272325	0.499669	-0.182899	-0.010126	-0.003101	0.024554	0.247490	0.240984	0.564847
2021-07-29 06:14:22.000000 	-85.000000	57.567248	-157.574218	51.800058	-0.034209	-0.012609	0.023634	0.346555	0.278858	0.511651	-0.179968	-0.018074	-0.001395	0.039487	0.253422	0.246760	0.578391
2021-07-29 06:14:23.000000 	-84.000000	57.567248	-157.574218	51.800058	-0.039046	-0.015987	0.011475	0.332007	0.267161	0.490184	-0.174432	-0.029457	-0.000118	0.032313	0.242786	0.236404	0.554123
2021-07-29 06:14:24.000000 	-83.000000	57.567248	-157.574218	51.800058	-0.022594	-0.011246	0.009703	0.288267	0.231971	0.425614	-0.155137	-0.016045	0.001776	0.021692	0.210803	0.205262	0.481130
2021-07-29 06:14:25.000000 	-82.000000	57.567248	-157.574218	51.800058	-0.033829	-0.009168	0.026692	0.323450	0.260292	0.477571	-0.165887	-0.015029	-0.004430	0.041175	0.236534	0.230317	0.539863
2021-07-29 06:14:26.000000 	-81.000000	57.567248	-157.574218	51.800058	-0.031541	-0.012873	0.003959	0.300549	0.241870	0.443766	-0.161646	-0.026630	-0.000133	0.021612	0.219789	0.214012	0.501648
2021-07-29 06:14:27.000000 	-80.000000	57.567248	-157.574218	51.800058	-0.035419	-0.007718	0.011910	0.350448	0.282036	0.517455	-0.186907	-0.023731	-0.006378	0.029191	0.256282	0.249547	0.584947
2021-07-29 06:14:28.000000 	-79.000000	57.567248	-157.574218	51.800058	-0.031406	-0.020296	0.035302	0.227308	0.182940	0.335639	-0.106290	-0.012105	0.006780	0.049517	0.166232	0.161863	0.379416
2021-07-29 06:14:29.000000 	-78.000000	57.567248	-157.574218	51.800058	-0.044159	-0.011404	0.022098	0.412285	0.331823	0.608786	-0.215823	-0.026273	-0.006304	0.042876	0.301510	0.293587	0.688189
2021-07-29 06:14:30.000000 	-77.000000	57.567248	-157.574218	51.800058	-0.020691	-0.009142	0.010666	0.295399	0.237756	0.436200	-0.159653	-0.013366	0.000557	0.021130	0.216032	0.210356	0.493092
2021-07-29 06:14:31.000000 	-76.000000	57.567248	-157.574218	51.800058	-0.031584	-0.014275	0.013046	0.300126	0.241569	0.443190	-0.157800	-0.022241	0.001146	0.029589	0.219492	0.213724	0.500993
2021-07-29 06:14:32.000000 	-75.000000	57.567248	-157.574218	51.800058	-0.025172	-0.004898	0.016530	0.322670	0.259723	0.476490	-0.172299	-0.012351	-0.005076	0.027433	0.235981	0.229781	0.538635
2021-07-29 06:14:33.000000 	-74.000000	57.567248	-157.574218	51.800058	-0.044092	-0.022481	0.016878	0.289570	0.233087	0.427620	-0.145477	-0.032587	0.003961	0.040704	0.211777	0.206212	0.483391
2021-07-29 06:14:34.000000 	-73.000000	57.567248	-157.574218	51.800058	-0.037472	-0.011019	0.033054	0.326977	0.263206	0.482870	-0.164206	-0.015056	-0.004109	0.048730	0.239136	0.232853	0.545846
2021-07-29 06:14:35.000000 	-72.000000	57.567248	-157.574218	51.800058	-0.015188	-0.014174	0.003493	0.325852	0.262309	0.481219	-0.180939	-0.014540	0.007308	0.013377	0.238316	0.232055	0.543979
2021-07-29 06:14:36.000000 	-71.000000	57.567248	-157.574218	51.800058	-0.039148	-0.007759	0.025586	0.292639	0.235580	0.432179	-0.147089	-0.019319	-0.007762	0.042590	0.214028	0.208405	0.488542
2021-07-29 06:14:37.000000 	-70.000000	57.567248	-157.574218	51.800058	-0.037109	-0.014900	0.019626	0.322862	0.259918	0.476823	-0.166756	-0.023225	-0.000384	0.038010	0.236134	0.229931	0.539008
2021-07-29 06:14:38.000000 	-69.000000	57.567248	-157.574218	51.800058	-0.022813	-0.012973	0.012147	0.295129	0.237600	0.435874	-0.157920	-0.015461	0.003290	0.024216	0.215854	0.210184	0.492718
2021-07-29 06:14:39.000000 	-68.000000	57.567248	-157.574218	51.800058	-0.043001	-0.009345	0.028803	0.311741	0.250982	0.460419	-0.155600	-0.021110	-0.007766	0.047540	0.228007	0.222018	0.520463
2021-07-29 06:14:40.000000 	-67.000000	57.567248	-157.574218	51.800058	-0.026404	-0.005621	0.000270	0.341611	0.275039	0.504545	-0.189094	-0.022265	-0.004877	0.014468	0.249856	0.243294	0.570343
2021-07-29 06:14:41.000000 	-66.000000	57.567248	-157.574218	51.800058	-0.034289	-0.021183	0.023547	0.303464	0.244334	0.448213	-0.154109	-0.020944	0.006500	0.041207	0.221958	0.216128	0.506664
2021-07-29 06:14:42.000000 	-65.000000	57.567248	-157.574218	51.800058	-0.032417	-0.007613	0.024020	0.276141	0.222342	0.407865	-0.140164	-0.014860	-0.005329	0.037901	0.201975	0.196671	0.461053
2021-07-29 06:14:43.000000 	-64.000000	57.567248	-157.574218	51.800058	-0.041007	-0.017361	0.023009	0.299974	0.241539	0.443076	-0.150774	-0.025243	0.000405	0.043301	0.219410	0.213648	0.500855
2021-07-29 06:14:44.000000 	-63.000000	57.567248	-157.574218	51.800058	-0.034861	-0.015951	0.027280	0.306895	0.247121	0.453309	-0.155100	-0.017704	0.001446	0.043571	0.224475	0.218580	0.512422
2021-07-29 06:14:45.000000 	-62.000000	57.567248	-157.574218	51.800058	-0.023286	-0.005983	0.005876	0.317947	0.256028	0.469643	-0.174149	-0.016943	-0.003353	0.017727	0.232561	0.226455	0.530886
2021-07-29 06:14:46.000000 	-61.000000	57.567248	-157.574218	51.800058	-0.040321	-0.011824	0.013800	0.303501	0.244404	0.448315	-0.157143	-0.027864	-0.004452	0.034056	0.221998	0.216168	0.506775
2021-07-29 06:14:47.000000 	-60.000000	57.567248	-157.574218	51.800058	-0.025260	-0.011509	0.018769	0.325430	0.262071	0.480716	-0.172339	-0.013347	0.001002	0.030718	0.238040	0.231790	0.543400
2021-07-29 06:14:48.000000 	-59.000000	57.567248	-157.574218	51.800058	-0.028875	-0.016223	0.020491	0.287241	0.231325	0.424314	-0.148062	-0.016762	0.003981	0.034928	0.210109	0.204592	0.479642
2021-07-29 06:14:49.000000 	-58.000000	57.567248	-157.574218	51.800058	-0.039771	-0.000458	0.019994	0.299388	0.241114	0.442265	-0.153646	-0.020453	-0.014749	0.036686	0.218996	0.213247	0.499934
2021-07-29 06:14:50.000000 	-57.000000	57.567248	-157.574218	51.800058	-0.032737	-0.023252	0.027138	0.341330	0.274902	0.504235	-0.174823	-0.018474	0.009005	0.043891	0.249679	0.243124	0.569983
2021-07-29 06:14:51.000000 	-56.000000	57.567248	-157.574218	51.800058	-0.031946	-0.012949	0.022982	0.267800	0.215690	0.395620	-0.135340	-0.016768	-0.000217	0.037884	0.195896	0.190753	0.447205
2021-07-29 06:14:52.000000 	-55.000000	57.567248	-157.574218	51.800058	-0.027875	-0.012415	0.001544	0.344980	0.277860	0.509648	-0.189430	-0.024918	0.000842	0.017662	0.252356	0.245731	0.576101
2021-07-29 06:14:53.000000 	-54.000000	57.567248	-157.574218	51.800058	-0.054454	-0.013472	0.040747	0.284949	0.229516	0.420970	-0.131475	-0.024969	-0.008320	0.064143	0.208444	0.202973	0.475860
2021-07-29 06:14:54.000000 	-53.000000	57.567248	-157.574218	51.800058	-0.028747	-0.011287	0.019334	0.298185	0.240185	0.440534	-0.155439	-0.015694	-0.000533	0.032879	0.218129	0.212404	0.497973
2021-07-29 06:14:55.000000 	-52.000000	57.567248	-157.574218	51.800058	-0.020240	-0.012305	0.002091	0.305773	0.246305	0.451754	-0.168753	-0.018632	0.003654	0.014316	0.223683	0.217812	0.510656
2021-07-29 06:14:56.000000 	-51.000000	57.567248	-157.574218	51.800058	-0.036532	-0.017626	0.020986	0.394676	0.317928	0.583112	-0.207665	-0.022922	0.002356	0.039430	0.288722	0.281144	0.659140
2021-07-29 06:14:57.000000 	-50.000000	57.567248	-157.574218	51.800058	-0.041008	-0.017682	0.022716	0.226366	0.182354	0.334451	-0.108103	-0.025505	0.000701	0.043120	0.165599	0.161252	0.378057
2021-07-29 06:14:58.000000 	-49.000000	57.567248	-157.574218	51.800058	-0.026285	-0.007442	0.015553	0.363298	0.292672	0.536776	-0.195622	-0.014562	-0.003148	0.027681	0.265775	0.258799	0.606760
2021-07-29 06:14:59.000000 	-48.000000	57.567248	-157.574218	51.800058	-0.032287	-0.001984	0.019685	0.271142	0.218438	0.400622	-0.139548	-0.015271	-0.010483	0.033027	0.198359	0.193153	0.452853
2021-07-29 06:15:00.000000 	-47.000000	57.567248	-157.574218	51.800058	-0.037926	-0.022168	0.032776	0.344745	0.277743	0.509384	-0.173286	-0.019149	0.006023	0.051001	0.252208	0.245589	0.575795
2021-07-29 06:15:01.000000 	-46.000000	57.567248	-157.574218	51.800058	-0.023175	-0.005936	-0.002462	0.297777	0.239911	0.439994	-0.165732	-0.021313	-0.003354	0.010625	0.217850	0.212133	0.497357
2021-07-29 06:15:02.000000 	-45.000000	57.567248	-157.574218	51.800058	-0.040161	-0.010315	0.027536	0.275394	0.221885	0.406930	-0.135821	-0.019887	-0.005786	0.045261	0.201477	0.196190	0.459982
2021-07-29 06:15:03.000000 	-44.000000	57.567248	-157.574218	51.800058	-0.040275	-0.018118	0.025476	0.329332	0.265352	0.486641	-0.167005	-0.023593	0.001384	0.045176	0.240941	0.234619	0.550083
2021-07-29 06:15:04.000000 	-43.000000	57.567248	-157.574218	51.800058	-0.030041	-0.016505	0.022439	0.309003	0.248981	0.456611	-0.159553	-0.016718	0.003797	0.037209	0.226071	0.220140	0.516138
2021-07-29 06:15:05.000000 	-42.000000	57.567248	-157.574218	51.800058	-0.025830	-0.010971	0.009054	0.286020	0.230470	0.422657	-0.153262	-0.018829	0.000288	0.022692	0.209259	0.203769	0.477757
2021-07-29 06:15:06.000000 	-41.000000	57.567248	-157.574218	51.800058	-0.045659	-0.013833	0.032060	0.367583	0.296201	0.543195	-0.185489	-0.022883	-0.004631	0.052525	0.268936	0.261880	0.614008
2021-07-29 06:15:07.000000 	-40.000000	57.567248	-157.574218	51.800058	-0.034177	-0.018407	0.031697	0.286196	0.230626	0.422934	-0.141341	-0.015592	0.003977	0.047462	0.209393	0.203899	0.478068
2021-07-29 06:15:08.000000 	-39.000000	57.567248	-157.574218	51.800058	-0.025508	-0.004296	0.008321	0.270357	0.217870	0.399535	-0.145280	-0.016821	-0.005760	0.020548	0.197807	0.192618	0.451619
2021-07-29 06:15:09.000000 	-38.000000	57.567248	-157.574218	51.800058	-0.031583	-0.021395	0.010184	0.351704	0.283434	0.519762	-0.187953	-0.026068	0.007728	0.028630	0.257328	0.250578	0.587517
2021-07-29 06:15:10.000000 	-37.000000	57.567248	-157.574218	51.800058	-0.039570	-0.010347	0.028037	0.278530	0.224471	0.411630	-0.137633	-0.019167	-0.005530	0.045398	0.203792	0.198446	0.465288
2021-07-29 06:15:11.000000 	-36.000000	57.567248	-157.574218	51.800058	-0.041635	-0.010453	0.029839	0.332479	0.267958	0.491369	-0.167566	-0.019846	-0.006221	0.047964	0.243268	0.236887	0.555421
2021-07-29 06:15:12.000000 	-35.000000	57.567248	-157.574218	51.800058	-0.022195	-0.009486	0.001351	0.292922	0.236085	0.432917	-0.161404	-0.019646	0.000302	0.014085	0.214328	0.208706	0.489348
2021-07-29 06:15:13.000000 	-34.000000	57.567248	-157.574218	51.800058	-0.037663	-0.012699	0.016333	0.270936	0.218373	0.400432	-0.138063	-0.024714	-0.002629	0.035055	0.198244	0.193044	0.452628
2021-07-29 06:15:14.000000 	-33.000000	57.567248	-157.574218	51.800058	-0.033900	-0.013254	0.028663	0.381779	0.307722	0.564264	-0.198476	-0.015344	-0.000681	0.043709	0.279351	0.272024	0.637815
2021-07-29 06:15:15.000000 	-32.000000	57.567248	-157.574218	51.800058	-0.018957	-0.008116	0.000621	0.350188	0.282268	0.517583	-0.195826	-0.017070	0.000270	0.011582	0.256239	0.249518	0.585048
2021-07-29 06:15:16.000000 	-31.000000	57.567248	-157.574218	51.800058	-0.041745	-0.017512	0.034149	0.251814	0.202981	0.372192	-0.118332	-0.019893	0.000263	0.053101	0.184259	0.179427	0.420705
2021-07-29 06:15:17.000000 	-30.000000	57.567248	-157.574218	51.800058	-0.029805	-0.009116	0.021981	0.377325	0.304162	0.557714	-0.200102	-0.014400	-0.002944	0.035193	0.276102	0.268862	0.630408
2021-07-29 06:15:18.000000 	-29.000000	57.567248	-157.574218	51.800058	-0.037070	-0.016844	0.014253	0.262849	0.211890	0.388519	-0.133872	-0.026701	0.001428	0.033853	0.192339	0.187295	0.439159
2021-07-29 06:15:19.000000 	-28.000000	57.567248	-157.574218	51.800058	-0.031377	-0.010726	0.011770	0.396660	0.319769	0.586316	-0.214637	-0.021622	-0.002055	0.027684	0.290258	0.282647	0.662736
2021-07-29 06:15:20.000000 	-27.000000	57.567248	-157.574218	51.800058	-0.033726	-0.013395	0.024481	0.250699	0.202109	0.370575	-0.124325	-0.017496	-0.000484	0.040123	0.183453	0.178643	0.418874
2021-07-29 06:15:21.000000 	-26.000000	57.567248	-157.574218	51.800058	-0.049552	-0.011846	0.027987	0.339978	0.274093	0.502553	-0.170128	-0.027464	-0.007953	0.050611	0.248788	0.242264	0.568053
2021-07-29 06:15:22.000000 	-25.000000	57.567248	-157.574218	51.800058	-0.035819	-0.026741	0.027823	0.297381	0.239759	0.439595	-0.147851	-0.021635	0.011054	0.046712	0.217619	0.211913	0.496888
2021-07-29 06:15:23.000000 	-24.000000	57.567248	-157.574218	51.800058	-0.021769	0.003337	0.006739	0.299649	0.241596	0.442957	-0.164617	-0.012295	-0.011390	0.015797	0.219282	0.213533	0.500688
2021-07-29 06:15:24.000000 	-23.000000	57.567248	-157.574218	51.800058	-0.035351	-0.022301	0.017440	0.343028	0.276580	0.507092	-0.179004	-0.025407	0.007128	0.036808	0.251030	0.244448	0.573181
2021-07-29 06:15:25.000000 	-22.000000	57.567248	-157.574218	51.800058	-0.037895	-0.004888	0.031338	0.319625	0.257719	0.472505	-0.161187	-0.014332	-0.009938	0.046237	0.233906	0.227774	0.534085
2021-07-29 06:15:26.000000 	-21.000000	57.567248	-157.574218	51.800058	-0.031452	-0.012921	0.009321	0.280961	0.226552	0.415356	-0.148406	-0.023700	-0.000055	0.026103	0.205615	0.200224	0.469488
2021-07-29 06:15:27.000000 	-20.000000	57.567248	-157.574218	51.800058	-0.034645	-0.012039	0.031194	0.311601	0.251266	0.460661	-0.156850	-0.014177	-0.002088	0.045967	0.228041	0.222062	0.520696
2021-07-29 06:15:28.000000 	-19.000000	57.567248	-157.574218	51.800058	-0.035102	-0.015780	0.020621	0.311521	0.251210	0.460552	-0.160393	-0.021408	0.001196	0.038035	0.227985	0.222009	0.520571
2021-07-29 06:15:29.000000 	-18.000000	57.567248	-157.574218	51.800058	-0.031439	-0.010717	0.022074	0.338247	0.272771	0.500073	-0.176892	-0.016141	-0.002087	0.036409	0.247548	0.241058	0.565242
2021-07-29 06:15:30.000000 	-17.000000	57.567248	-157.574218	51.800058	-0.039243	-0.009172	0.018795	0.342337	0.276078	0.506130	-0.178426	-0.023490	-0.006493	0.037195	0.250544	0.243977	0.572087
2021-07-29 06:15:31.000000 	-16.000000	57.567248	-157.574218	51.800058	-0.033958	-0.020146	0.019943	0.300011	0.241953	0.443562	-0.153814	-0.022284	0.005668	0.037789	0.219571	0.213816	0.501365
2021-07-29 06:15:32.000000 	-15.000000	57.567248	-157.574218	51.800058	-0.031282	-0.006331	0.020650	0.303258	0.244580	0.448371	-0.157709	-0.015369	-0.006081	0.034232	0.221950	0.216133	0.506800
2021-07-29 06:15:33.000000 	-14.000000	57.567248	-157.574218	51.800058	-0.038062	-0.008465	0.014800	0.365374	0.294686	0.540221	-0.193720	-0.024484	-0.006695	0.033092	0.267415	0.260407	0.610617
2021-07-29 06:15:34.000000 	-13.000000	57.567248	-157.574218	51.800058	-0.030537	-0.020196	0.018883	0.226671	0.182824	0.335150	-0.112691	-0.020201	0.007019	0.035208	0.165902	0.161554	0.378823
2021-07-29 06:15:35.000000 	-12.000000	57.567248	-157.574218	51.800058	-0.041891	-0.007139	0.029267	0.384247	0.309929	0.568147	-0.198055	-0.019285	-0.009382	0.046930	0.281236	0.273866	0.642181
2021-07-29 06:15:36.000000 	-11.000000	57.567248	-157.574218	51.800058	-0.028317	-0.013788	0.010248	0.306971	0.247608	0.453897	-0.163949	-0.021036	0.001943	0.025508	0.224680	0.218792	0.513042
2021-07-29 06:15:37.000000 	-10.000000	57.567248	-157.574218	51.800058	-0.040433	-0.020495	0.033149	0.250037	0.201690	0.369719	-0.117770	-0.020366	0.003520	0.052216	0.183011	0.178215	0.417894
2021-07-29 06:15:38.000000 	-9.000000	57.567248	-157.574218	51.800058	-0.029741	-0.002693	0.022078	0.364369	0.293926	0.538788	-0.193269	-0.012230	-0.008856	0.033929	0.266699	0.259710	0.608993
2021-07-29 06:15:39.000000 	-8.000000	57.567248	-157.574218	51.800058	-0.041098	-0.008269	0.016653	0.253705	0.204663	0.375157	-0.127362	-0.025796	-0.008035	0.036122	0.185701	0.180835	0.424040
2021-07-29 06:15:40.000000 	-7.000000	57.567248	-157.574218	51.800058	-0.035721	-0.016236	0.017554	0.364648	0.294170	0.539221	-0.192118	-0.023683	0.001381	0.035846	0.266911	0.259917	0.609479
2021-07-29 06:15:41.000000 	-6.000000	57.567248	-157.574218	51.800058	-0.023627	-0.010682	0.033610	0.317596	0.256221	0.469652	-0.162551	-0.003848	0.000861	0.042266	0.232474	0.226382	0.530846
2021-07-29 06:15:42.000000 	-5.000000	57.567248	-157.574218	51.800058	-0.047185	-0.011977	0.020018	0.277099	0.223558	0.409775	-0.137390	-0.029934	-0.006929	0.042738	0.202834	0.197519	0.463165
2021-07-29 06:15:43.000000 	-4.000000	57.567248	-157.574218	51.800058	-0.038444	-0.018709	0.034750	0.295373	0.238309	0.436806	-0.144265	-0.017382	0.002628	0.052216	0.216213	0.210548	0.493718
2021-07-29 06:15:44.000000 	-3.000000	57.567248	-157.574218	51.800058	-0.026686	-0.002857	0.003252	0.298414	0.240771	0.441312	-0.163302	-0.019996	-0.007539	0.016559	0.218442	0.212719	0.498810
2021-07-29 06:15:45.000000 	-2.000000	57.567248	-157.574218	51.800058	-0.030901	-0.018251	0.034043	0.298643	0.240963	0.441659	-0.148628	-0.011728	0.005083	0.047786	0.218613	0.212885	0.499201
2021-07-29 06:15:46.000000 	-1.000000	57.567248	-157.574218	51.800058	-0.036787	-0.012597	0.009205	0.352675	0.284569	0.521576	-0.188478	-0.027820	-0.002390	0.028583	0.258169	0.251405	0.589529
2021-07-29 06:15:47.000000 	0.000000	57.567248	-157.574218	51.800058	-0.040291	-0.011092	0.034767	0.283419	0.228695	0.419160	-0.137612	-0.016360	-0.005118	0.051588	0.207475	0.202039	0.473770
2021-07-29 06:15:48.000000 	1.000000	57.567248	-157.574218	51.800058	-0.033847	-0.008884	0.014270	0.329155	0.265610	0.486811	-0.174195	-0.021615	-0.004700	0.030641	0.240959	0.234647	0.550233
2021-07-29 06:15:49.000000 	2.000000	57.567248	-157.574218	51.800058	-0.031137	-0.011959	0.019079	0.286619	0.231293	0.423910	-0.148193	-0.017911	-0.000823	0.033986	0.209823	0.204327	0.479136
2021-07-29 06:15:50.000000 	3.000000	57.567248	-157.574218	51.800058	-0.045368	-0.022927	0.036454	0.329773	0.266126	0.487744	-0.161050	-0.023227	0.003886	0.057950	0.241419	0.235094	0.551285
2021-07-29 06:15:51.000000 	4.000000	57.567248	-157.574218	51.800058	-0.019071	0.001457	0.008045	0.285842	0.230682	0.422777	-0.156788	-0.010095	-0.008622	0.015947	0.209261	0.203779	0.477853
2021-07-29 06:15:52.000000 	5.000000	57.567248	-157.574218	51.800058	-0.039230	-0.023233	0.022307	0.359856	0.290423	0.532257	-0.185718	-0.026125	0.006510	0.043029	0.263449	0.256548	0.601595
2021-07-29 06:15:53.000000 	6.000000	57.567248	-157.574218	51.800058	-0.034618	-0.009513	0.015089	0.275220	0.222125	0.407081	-0.142359	-0.021980	-0.004413	0.031844	0.201490	0.196213	0.460112
2021-07-29 06:15:54.000000 	7.000000	57.567248	-157.574218	51.800058	-0.033609	-0.008712	0.024794	0.347608	0.280558	0.514162	-0.180889	-0.015729	-0.004768	0.039371	0.254490	0.247825	0.581140
2021-07-29 06:15:55.000000 	8.000000	57.567248	-157.574218	51.800058	-0.040353	-0.017948	0.017603	0.309915	0.250143	0.458416	-0.158868	-0.027821	0.001197	0.038534	0.226898	0.220955	0.518132
2021-07-29 06:15:56.000000 	9.000000	57.567248	-157.574218	51.800058	-0.030538	-0.005327	0.024659	0.270584	0.218405	0.400247	-0.137591	-0.012316	-0.006726	0.037042	0.198105	0.192917	0.452384
2021-07-29 06:15:57.000000 	10.000000	57.567248	-157.574218	51.800058	-0.044506	-0.021218	0.033377	0.344329	0.277939	0.509340	-0.171159	-0.023655	0.002634	0.054576	0.252101	0.245498	0.575687
2021-07-29 06:15:58.000000 	11.000000	57.567248	-157.574218	51.800058	-0.030256	-0.000257	0.009838	0.355005	0.286567	0.525142	-0.192748	-0.018412	-0.011304	0.023356	0.259921	0.253114	0.593546
2021-07-29 06:15:59.000000 	12.000000	57.567248	-157.574218	51.800058	-0.033315	-0.019171	0.016304	0.251669	0.203159	0.372289	-0.127535	-0.023421	0.005012	0.034199	0.184265	0.179440	0.420782
2021-07-29 06:16:00.000000 	13.000000	57.567248	-157.574218	51.800058	-0.035676	-0.011779	0.018910	0.324235	0.261747	0.479644	-0.168755	-0.021486	-0.002722	0.036057	0.237400	0.231183	0.542119
2021-07-29 06:16:01.000000 	14.000000	57.567248	-157.574218	51.800058	-0.025195	-0.012229	0.037827	0.304505	0.245828	0.450465	-0.152745	-0.003308	0.001693	0.046919	0.222957	0.217119	0.509140
2021-07-29 06:16:02.000000 	15.000000	57.567248	-157.574218	51.800058	-0.038897	-0.010620	-0.002276	0.328924	0.265551	0.486599	-0.178604	-0.034987	-0.005022	0.019535	0.240841	0.234534	0.549979
2021-07-29 06:16:03.000000 	16.000000	57.567248	-157.574218	51.800058	-0.031640	-0.011371	0.021060	0.281412	0.227200	0.416318	-0.144357	-0.017052	-0.001559	0.035787	0.206055	0.200659	0.470543
2021-07-29 06:16:04.000000 	17.000000	57.567248	-157.574218	51.800058	-0.036950	-0.017218	0.036775	0.331668	0.267784	0.490676	-0.165134	-0.014649	0.001820	0.052880	0.242857	0.236498	0.554585
2021-07-29 06:16:05.000000 	18.000000	57.567248	-157.574218	51.800058	-0.030097	-0.012725	0.019368	0.357984	0.289042	0.529619	-0.189613	-0.017191	0.000282	0.033871	0.262131	0.255267	0.598599
2021-07-29 06:16:06.000000 	19.000000	57.567248	-157.574218	51.800058	-0.039898	-0.012547	0.013182	0.244049	0.197055	0.361065	-0.123029	-0.028099	-0.003622	0.033473	0.178705	0.174026	0.408090
2021-07-29 06:16:07.000000 	20.000000	57.567248	-157.574218	51.800058	-0.024298	-0.000979	-0.005584	0.350281	0.282841	0.518242	-0.197582	-0.022267	-0.008365	0.007533	0.256498	0.249783	0.585738
2021-07-29 06:16:08.000000 	21.000000	57.567248	-157.574218	51.800058	-0.040301	-0.018667	0.052262	0.262683	0.212116	0.388647	-0.117807	-0.009425	0.001881	0.067909	0.192356	0.187320	0.439264
2021-07-29 06:16:09.000000 	22.000000	57.567248	-157.574218	51.800058	-0.021172	-0.011192	-0.003213	0.349879	0.282536	0.517667	-0.196286	-0.021846	0.002269	0.010074	0.256212	0.249504	0.585085
2021-07-29 06:16:10.000000 	23.000000	57.567248	-157.574218	51.800058	-0.051124	-0.014040	0.045876	0.293757	0.237225	0.434640	-0.135724	-0.019804	-0.006525	0.066937	0.215118	0.209486	0.491244
2021-07-29 06:16:11.000000 	24.000000	57.567248	-157.574218	51.800058	-0.029214	-0.008501	0.008886	0.319148	0.257738	0.472215	-0.171911	-0.020764	-0.003287	0.023722	0.233715	0.227596	0.533712
2021-07-29 06:16:12.000000 	25.000000	57.567248	-157.574218	51.800058	-0.030333	-0.012746	0.023173	0.341855	0.276085	0.505822	-0.178752	-0.015342	0.000211	0.037204	0.250347	0.243794	0.571694
2021-07-29 06:16:13.000000 	26.000000	57.567248	-157.574218	51.800058	-0.037190	-0.018463	0.028597	0.277323	0.223976	0.410346	-0.136665	-0.019623	0.002879	0.046351	0.203093	0.197776	0.463783
2021-07-29 06:16:14.000000 	27.000000	57.567248	-157.574218	51.800058	-0.031365	-0.002279	0.009202	0.272728	0.220273	0.403555	-0.144887	-0.020270	-0.009859	0.023782	0.199731	0.194503	0.456108
2021-07-29 06:16:15.000000 	28.000000	57.567248	-157.574218	51.800058	-0.037821	-0.027217	0.040468	0.331074	0.267406	0.489898	-0.161925	-0.016567	0.010731	0.058474	0.242464	0.236117	0.553693
2021-07-29 06:16:16.000000 	29.000000	57.567248	-157.574218	51.800058	-0.042631	-0.006290	0.017909	0.346266	0.279687	0.512388	-0.180421	-0.025681	-0.010449	0.037537	0.253595	0.246956	0.579111
2021-07-29 06:16:17.000000 	30.000000	57.567248	-157.574218	51.800058	-0.031966	-0.012920	0.029171	0.295367	0.238582	0.437077	-0.149034	-0.013455	-0.000252	0.043112	0.216321	0.210658	0.493992
2021-07-29 06:16:18.000000 	31.000000	57.567248	-157.574218	51.800058	-0.046848	-0.008514	0.020608	0.300708	0.242905	0.444989	-0.151433	-0.028239	-0.010001	0.042360	0.220236	0.214471	0.502933
2021-07-29 06:16:19.000000 	32.000000	57.567248	-157.574218	51.800058	-0.026560	-0.010480	0.030571	0.348554	0.281564	0.515801	-0.180994	-0.007701	-0.000445	0.041114	0.255282	0.248600	0.582965
2021-07-29 06:16:20.000000 	33.000000	57.567248	-157.574218	51.800058	-0.030253	-0.023179	0.000993	0.277129	0.223874	0.410112	-0.148476	-0.030534	0.009885	0.020578	0.202973	0.197661	0.463512
2021-07-29 06:16:21.000000 	34.000000	57.567248	-157.574218	51.800058	-0.036993	-0.005407	0.050372	0.303225	0.244964	0.448739	-0.144371	-0.003588	-0.009114	0.061960	0.222090	0.216278	0.507168
2021-07-29 06:16:22.000000 	35.000000	57.567248	-157.574218	51.800058	-0.039509	-0.019582	0.005978	0.296201	0.239298	0.438352	-0.155376	-0.033923	0.003029	0.028638	0.216949	0.211271	0.495428
2021-07-29 06:16:23.000000 	36.000000	57.567248	-157.574218	51.800058	-0.027829	-0.008498	0.028178	0.286938	0.231823	0.424651	-0.146184	-0.009336	-0.002761	0.039318	0.210168	0.204668	0.479942
2021-07-29 06:16:24.000000 	37.000000	57.567248	-157.574218	51.800058	-0.033300	-0.008830	0.021270	0.321674	0.259896	0.476067	-0.167415	-0.017416	-0.004541	0.036268	0.235614	0.229448	0.538051
2021-07-29 06:16:25.000000 	38.000000	57.567248	-157.574218	51.800058	-0.036765	-0.012376	0.029564	0.360147	0.290990	0.533016	-0.185090	-0.016813	-0.002585	0.045711	0.263799	0.256895	0.602414
2021-07-29 06:16:26.000000 	39.000000	57.567248	-157.574218	51.800058	-0.024482	-0.001929	0.007955	0.294320	0.237811	0.435600	-0.159958	-0.015455	-0.007557	0.019246	0.215586	0.209944	0.492313
2021-07-29 06:16:27.000000 	40.000000	57.567248	-157.574218	51.800058	-0.046130	-0.022146	0.034134	0.310900	0.251217	0.460148	-0.150954	-0.024814	0.002874	0.056210	0.227734	0.221775	0.520056
2021-07-29 06:16:28.000000 	41.000000	57.567248	-157.574218	51.800058	-0.023876	-0.003411	0.010417	0.324606	0.262301	0.480442	-0.176557	-0.014139	-0.005956	0.021327	0.237778	0.231555	0.542991
2021-07-29 06:16:29.000000 	42.000000	57.567248	-157.574218	51.800058	-0.029377	-0.009298	0.014888	0.313374	0.253234	0.463825	-0.166180	-0.017929	-0.002612	0.029032	0.229554	0.223547	0.524210
2021-07-29 06:16:30.000000 	43.000000	57.567248	-157.574218	51.800058	-0.042949	-0.017645	0.031230	0.291051	0.235203	0.430793	-0.142032	-0.022441	-0.000074	0.051261	0.213206	0.207626	0.486877
2021-07-29 06:16:31.000000 	44.000000	57.567248	-157.574218	51.800058	-0.040855	-0.010123	0.026229	0.340641	0.275287	0.504202	-0.174158	-0.021068	-0.006229	0.044462	0.249536	0.243006	0.569841
2021-07-29 06:16:32.000000 	45.000000	57.567248	-157.574218	51.800058	-0.029532	-0.013159	0.017758	0.301466	0.243637	0.446224	-0.157729	-0.017754	0.000897	0.032320	0.220842	0.215063	0.504314
2021-07-29 06:16:33.000000 	46.000000	57.567248	-157.574218	51.800058	-0.038171	-0.005125	0.025698	0.347794	0.281088	0.514808	-0.179780	-0.017649	-0.009824	0.041661	0.254785	0.248118	0.581825
2021-07-29 06:16:34.000000 	47.000000	57.567248	-157.574218	51.800058	-0.035532	-0.014081	0.030652	0.278578	0.225155	0.412360	-0.137617	-0.015817	-0.000539	0.046366	0.204082	0.198742	0.466040
2021-07-29 06:16:35.000000 	48.000000	57.567248	-157.574218	51.800058	-0.026605	-0.013787	0.001272	0.328187	0.265260	0.485802	-0.180270	-0.024514	0.002595	0.017084	0.240429	0.234138	0.549041
2021-07-29 06:16:36.000000 	49.000000	57.567248	-157.574218	51.800058	-0.032929	-0.011179	0.020413	0.320310	0.258903	0.474152	-0.166857	-0.018343	-0.002229	0.035841	0.234663	0.228523	0.535873
2021-07-29 06:16:37.000000 	50.000000	57.567248	-157.574218	51.800058	-0.043382	-0.006895	0.033171	0.305697	0.247099	0.452527	-0.150756	-0.018276	-0.010176	0.050914	0.223960	0.218101	0.511432
2021-07-29 06:16:38.000000 	51.000000	57.567248	-157.574218	51.800058	-0.046106	-0.014910	0.014921	0.294683	0.238205	0.436231	-0.149689	-0.032770	-0.003806	0.038501	0.215895	0.210246	0.493014
2021-07-29 06:16:39.000000 	52.000000	57.567248	-157.574218	51.800058	-0.040824	-0.018203	0.020616	0.320761	0.259294	0.474844	-0.163956	-0.026656	0.001252	0.041363	0.235005	0.228856	0.536652
2021-07-29 06:16:40.000000 	53.000000	57.567248	-157.574218	51.800058	-0.040911	-0.008035	0.037044	0.293560	0.237315	0.434585	-0.142828	-0.014639	-0.008180	0.053191	0.215080	0.209453	0.491152
2021-07-29 06:16:41.000000 	54.000000	57.567248	-157.574218	51.800058	-0.037779	-0.002758	0.025236	0.266451	0.215407	0.394459	-0.133144	-0.016828	-0.011863	0.040593	0.195221	0.190114	0.445802
2021-07-29 06:16:42.000000 	55.000000	57.567248	-157.574218	51.800058	-0.027456	-0.018160	0.000718	0.392885	0.317631	0.581645	-0.217196	-0.026883	0.006312	0.017933	0.287861	0.280330	0.657351
2021-07-29 06:16:43.000000 	56.000000	57.567248	-157.574218	51.800058	-0.047974	-0.015034	0.037267	0.289828	0.234323	0.429083	-0.137763	-0.022283	-0.004404	0.058314	0.212357	0.206801	0.484931
2021-07-29 06:16:44.000000 	57.000000	57.567248	-157.574218	51.800058	-0.039423	-0.010960	0.017121	0.350798	0.283626	0.519356	-0.183930	-0.025105	-0.004908	0.036237	0.257034	0.250310	0.586952
2021-07-29 06:16:45.000000 	58.000000	57.567248	-157.574218	51.800058	-0.033222	-0.001833	0.013041	0.307867	0.248924	0.455804	-0.163342	-0.019516	-0.010979	0.027852	0.225581	0.219680	0.515128
2021-07-29 06:16:46.000000 	59.000000	57.567248	-157.574218	51.800058	-0.051296	-0.021687	0.047780	0.263367	0.212952	0.389928	-0.116483	-0.021379	0.000478	0.070195	0.192979	0.187930	0.440677
2021-07-29 06:16:47.000000 	60.000000	57.567248	-157.574218	51.800058	-0.029810	-0.014760	0.011834	0.376574	0.304498	0.557546	-0.203263	-0.021664	0.002271	0.027786	0.275934	0.268716	0.630109
2021-07-29 06:16:48.000000 	61.000000	57.567248	-157.574218	51.800058	-0.035356	-0.013710	0.038400	0.307612	0.248745	0.455452	-0.151500	-0.011404	-0.000815	0.052743	0.225407	0.219510	0.514726
2021-07-29 06:16:49.000000 	62.000000	57.567248	-157.574218	51.800058	-0.047704	0.000395	0.016016	0.308971	0.249852	0.457471	-0.158567	-0.028502	-0.018564	0.037086	0.226406	0.220484	0.517007
2021-07-29 06:16:50.000000 	63.000000	57.567248	-157.574218	51.800058	-0.034747	-0.027013	0.021787	0.346008	0.279812	0.512318	-0.178869	-0.024123	0.011715	0.041141	0.253550	0.246918	0.578990
2021-07-29 06:16:51.000000 	64.000000	57.567248	-157.574218	51.800058	-0.049793	-0.013443	0.022136	0.323868	0.261918	0.479546	-0.162990	-0.031305	-0.006568	0.046118	0.237331	0.231123	0.541952
2021-07-29 06:16:52.000000 	65.000000	57.567248	-157.574218	51.800058	-0.041821	-0.003389	0.029491	0.299910	0.242551	0.444079	-0.149657	-0.017904	-0.012822	0.046317	0.219778	0.214030	0.501868
2021-07-29 06:16:53.000000 	66.000000	57.567248	-157.574218	51.800058	-0.038238	-0.025498	0.016871	0.269652	0.218088	0.399282	-0.135579	-0.028995	0.008982	0.038412	0.197608	0.192440	0.451241
2021-07-29 06:16:54.000000 	67.000000	57.567248	-157.574218	51.800058	-0.054499	-0.015823	0.011695	0.347239	0.280848	0.514178	-0.178754	-0.041342	-0.006165	0.040126	0.254471	0.247815	0.581087
2021-07-29 06:16:55.000000 	68.000000	57.567248	-157.574218	51.800058	-0.055723	-0.012776	0.003004	0.328752	0.265906	0.486811	-0.171063	-0.045977	-0.009448	0.032774	0.240927	0.234626	0.550158
2021-07-29 06:16:56.000000 	69.000000	57.567248	-157.574218	51.800058	-0.042636	-0.014394	0.030894	0.268877	0.217485	0.398156	-0.129792	-0.021330	-0.002960	0.050157	0.197051	0.191897	0.449966
2021-07-29 06:16:57.000000 	70.000000	57.567248	-157.574218	51.800058	-0.009841	-0.019327	0.034078	0.332872	0.269257	0.492928	-0.173899	0.004376	0.014111	0.037595	0.243955	0.237574	0.557068
2021-07-29 06:16:58.000000 	71.000000	57.567248	-157.574218	51.800058	-0.045759	-0.030198	0.052872	0.357100	0.288865	0.528815	-0.169628	-0.017068	0.010458	0.073489	0.261716	0.254871	0.597624
2021-07-29 06:16:59.000000 	72.000000	57.567248	-157.574218	51.800058	-0.060318	-0.011244	0.007731	0.298356	0.241355	0.441831	-0.150163	-0.046534	-0.012616	0.038728	0.218667	0.212948	0.499321
2021-07-29 06:17:00.000000 	73.000000	57.567248	-157.574218	51.800058	-0.033795	0.000377	0.020134	0.313723	0.253794	0.464595	-0.164056	-0.015447	-0.013241	0.033670	0.229933	0.223920	0.525046
2021-07-29 06:17:01.000000 	74.000000	57.567248	-157.574218	51.800058	-0.021222	0.005575	0.021649	0.305453	0.247113	0.452356	-0.162664	-0.003151	-0.013250	0.027652	0.223876	0.218021	0.511213
2021-07-29 06:17:02.000000 	75.000000	57.567248	-157.574218	51.800058	-0.033471	-0.033204	0.020967	0.352452	0.285146	0.521968	-0.182485	-0.025560	0.017925	0.041083	0.258328	0.251572	0.589880
2021-07-29 06:17:03.000000 	76.000000	57.567248	-157.574218	51.800058	-0.045119	-0.036650	-0.017862	0.250004	0.202269	0.370253	-0.132372	-0.056582	0.016665	0.014790	0.183243	0.178451	0.418425
2021-07-29 06:17:04.000000 	77.000000	57.567248	-157.574218	51.800058	-0.030238	-0.052455	0.022179	0.350352	0.283467	0.518876	-0.178687	-0.028586	0.036952	0.044442	0.256799	0.250083	0.586384
2021-07-29 06:17:05.000000 	78.000000	57.567248	-157.574218	51.800058	-0.001046	-0.026721	0.038018	0.278835	0.225612	0.412966	-0.142003	0.010969	0.024301	0.038073	0.204382	0.199038	0.466693
2021-07-29 06:17:06.000000 	79.000000	57.567248	-157.574218	51.800058	-0.010879	0.025944	0.044841	0.398637	0.322557	0.590407	-0.211069	0.023914	-0.028132	0.037932	0.292201	0.284559	0.667218
2021-07-29 06:17:07.000000 	80.000000	57.567248	-157.574218	51.800058	-0.050604	0.010090	0.013474	0.227873	0.184391	0.337501	-0.111732	-0.029006	-0.028632	0.034395	0.167034	0.162666	0.381408
2021-07-29 06:17:08.000000 	81.000000	57.567248	-157.574218	51.800058	-0.041394	-0.011668	0.005649	0.279378	0.226075	0.413791	-0.146143	-0.033023	-0.005005	0.027676	0.204792	0.199436	0.467622
2021-07-29 06:17:09.000000 	82.000000	57.567248	-157.574218	51.800058	-0.035538	-0.037156	0.037288	0.355668	0.287820	0.526794	-0.176908	-0.019692	0.020789	0.056692	0.260719	0.253901	0.595325
2021-07-29 06:17:10.000000 	83.000000	57.567248	-157.574218	51.800058	-0.028265	-0.043326	0.033837	0.328931	0.266193	0.487201	-0.163749	-0.017855	0.029267	0.051436	0.241124	0.234819	0.550580
2021-07-29 06:17:11.000000 	84.000000	57.567248	-157.574218	51.800058	-0.039592	0.020871	0.025199	0.340772	0.275786	0.504749	-0.177412	-0.010655	-0.034397	0.036626	0.249809	0.243277	0.570409
2021-07-29 06:17:12.000000 	85.000000	57.567248	-157.574218	51.800058	-0.027524	-0.009627	0.024598	0.246364	0.199389	0.364918	-0.124199	-0.011381	-0.001601	0.036376	0.180605	0.175882	0.412387
2021-07-29 06:17:13.000000 	86.000000	57.567248	-157.574218	51.800058	-0.015032	-0.000532	0.028557	0.311082	0.251776	0.460788	-0.164302	0.003417	-0.005243	0.031664	0.228053	0.222090	0.520727
2021-07-29 06:17:14.000000 	87.000000	57.567248	-157.574218	51.800058	-0.016542	-0.029195	0.044235	0.350407	0.283614	0.519046	-0.177069	0.001417	0.020677	0.051509	0.256886	0.250169	0.586562
2021-07-29 06:17:15.000000 	88.000000	57.567248	-157.574218	51.800058	-0.033885	-0.041788	0.030702	0.320824	0.259680	0.475234	-0.159004	-0.023426	0.025701	0.051262	0.235204	0.229054	0.537050
2021-07-29 06:17:16.000000 	89.000000	57.567248	-157.574218	51.800058	-0.054011	-0.002514	-0.019312	0.270574	0.219015	0.400806	-0.146349	-0.053306	-0.018280	0.010991	0.198368	0.193181	0.452940
2021-07-29 06:17:17.000000 	90.000000	57.567248	-157.574218	51.800058	-0.069088	-0.000245	0.026845	0.304226	0.246262	0.450662	-0.144556	-0.039583	-0.026130	0.056959	0.223043	0.217211	0.509280
2021-07-29 06:17:18.000000 	91.000000	57.567248	-157.574218	51.800058	-0.039408	0.000687	0.010965	0.319381	0.258540	0.473121	-0.169251	-0.024644	-0.015669	0.028650	0.234159	0.228037	0.534658
2021-07-29 06:17:19.000000 	92.000000	57.567248	-157.574218	51.800058	-0.005378	0.002165	0.016333	0.321633	0.260372	0.476465	-0.178073	0.005261	-0.004052	0.016009	0.235815	0.229649	0.538436
2021-07-29 06:17:20.000000 	93.000000	57.567248	-157.574218	51.800058	-0.023667	-0.031123	0.041176	0.295964	0.239601	0.438446	-0.144722	-0.006403	0.019741	0.052854	0.216999	0.211325	0.495471
2021-07-29 06:17:21.000000 	94.000000	57.567248	-157.574218	51.800058	-0.033600	-0.014770	0.005569	0.295767	0.239450	0.438161	-0.157816	-0.027983	0.000836	0.024379	0.216858	0.211188	0.495148
2021-07-29 06:17:22.000000 	95.000000	57.567248	-157.574218	51.800058	-0.019941	-0.013793	0.037948	0.333164	0.269736	0.493571	-0.170702	0.000353	0.005143	0.044737	0.244283	0.237896	0.557763
2021-07-29 06:17:23.000000 	96.000000	57.567248	-157.574218	51.800058	-0.021393	0.018215	0.052150	0.395677	0.320359	0.586191	-0.203267	0.017143	-0.024999	0.050895	0.290124	0.282539	0.662427
2021-07-29 06:17:24.000000 	97.000000	57.567248	-157.574218	51.800058	-0.033525	0.005897	0.039496	0.249409	0.201941	0.369503	-0.119559	-0.003075	-0.018240	0.048749	0.182879	0.178098	0.417557
2021-07-29 06:17:25.000000 	98.000000	57.567248	-157.574218	51.800058	-0.024716	-0.023042	0.026984	0.321430	0.260264	0.476211	-0.165988	-0.012230	0.011870	0.039743	0.235693	0.229531	0.538141
2021-07-29 06:17:26.000000 	99.000000	57.567248	-157.574218	51.800058	-0.042608	-0.033899	0.044825	0.280639	0.227244	0.415784	-0.128841	-0.020117	0.015081	0.065892	0.205786	0.200406	0.469855
2021-07-29 06:17:27.000000 	100.000000	57.567248	-157.574218	51.800058	-0.047398	0.010330	0.048762	0.315355	0.255364	0.467227	-0.150341	-0.007502	-0.027630	0.062541	0.231248	0.225202	0.527986
2021-07-29 06:17:28.000000 	101.000000	57.567248	-157.574218	51.800058	-0.041760	0.022070	0.013546	0.346238	0.280382	0.512990	-0.184589	-0.018210	-0.036331	0.027620	0.253899	0.247260	0.579700
2021-07-29 06:17:29.000000 	102.000000	57.567248	-157.574218	51.800058	-0.041863	-0.047959	0.015111	0.369506	0.299235	0.547473	-0.190110	-0.039999	0.028362	0.043320	0.270966	0.263882	0.618665
2021-07-29 06:17:30.000000 	103.000000	57.567248	-157.574218	51.800058	-0.048548	-0.036728	-0.000770	0.267739	0.216830	0.396698	-0.135965	-0.050115	0.015430	0.030932	0.196342	0.191209	0.448283
2021-07-29 06:17:31.000000 	104.000000	57.567248	-157.574218	51.800058	-0.033913	0.002504	0.020569	0.339901	0.275281	0.503627	-0.179295	-0.014621	-0.015252	0.033661	0.249267	0.242750	0.569115
2021-07-29 06:17:32.000000 	105.000000	57.567248	-157.574218	51.800058	-0.033846	-0.026489	0.035919	0.267164	0.216380	0.395860	-0.128048	-0.015671	0.011574	0.052515	0.195929	0.190806	0.447333
2021-07-29 06:17:33.000000 	106.000000	57.567248	-157.574218	51.800058	-0.021618	-0.015535	0.007570	0.339210	0.274742	0.502620	-0.185632	-0.017809	0.006113	0.020285	0.248770	0.242266	0.567974
2021-07-29 06:17:34.000000 	107.000000	57.567248	-157.574218	51.800058	-0.020265	0.000362	0.042213	0.273907	0.221857	0.405863	-0.135933	0.006945	-0.008065	0.045601	0.200881	0.195630	0.458635
2021-07-29 06:17:35.000000 	108.000000	57.567248	-157.574218	51.800058	-0.048144	0.002931	0.019051	0.336848	0.272849	0.499136	-0.173841	-0.026401	-0.021075	0.039347	0.247047	0.240589	0.564034
2021-07-29 06:17:36.000000 	109.000000	57.567248	-157.574218	51.800058	-0.058796	0.015719	-0.017504	0.265671	0.215202	0.393673	-0.142336	-0.050199	-0.036960	0.011159	0.194849	0.189755	0.444858
2021-07-29 06:17:37.000000 	110.000000	57.567248	-157.574218	51.800058	-0.016125	-0.045346	0.027848	0.313599	0.254035	0.464700	-0.160036	-0.012246	0.035765	0.040775	0.230005	0.223992	0.525118
2021-07-29 06:17:38.000000 	111.000000	57.567248	-157.574218	51.800058	-0.050323	-0.012668	0.045858	0.328265	0.265926	0.486442	-0.156429	-0.018746	-0.007488	0.066244	0.240767	0.234473	0.549686
2021-07-29 06:17:39.000000 	112.000000	57.567248	-157.574218	51.800058	0.002184	0.037887	0.052488	0.380033	0.307874	0.563163	-0.200692	0.042053	-0.034189	0.035466	0.278741	0.271454	0.636380
2021-07-29 06:17:40.000000 	113.000000	57.567248	-157.574218	51.800058	-0.017615	0.023486	0.052194	0.263694	0.213632	0.390769	-0.127658	0.021811	-0.028430	0.047980	0.193414	0.188358	0.441572
2021-07-29 06:17:41.000000 	114.000000	57.567248	-157.574218	51.800058	-0.022033	-0.013736	0.080738	0.324590	0.262977	0.481018	-0.147174	0.021688	0.004292	0.081878	0.238085	0.231861	0.543553
2021-07-29 06:17:42.000000 	115.000000	57.567248	-157.574218	51.800058	-0.074227	-0.032018	0.033371	0.338629	0.274362	0.501831	-0.157482	-0.050324	0.001280	0.071515	0.248388	0.241895	0.567070
2021-07-29 06:17:43.000000 	116.000000	57.567248	-157.574218	51.800058	-0.065069	-0.043143	0.007367	0.380978	0.308685	0.564600	-0.193281	-0.060706	0.015058	0.047303	0.279457	0.272152	0.637997
2021-07-29 06:17:44.000000 	117.000000	57.567248	-157.574218	51.800058	-0.063874	0.001928	0.025962	0.344666	0.279274	0.510795	-0.170634	-0.035290	-0.026149	0.053184	0.252827	0.246217	0.577197
2021-07-29 06:17:45.000000 	118.000000	57.567248	-157.574218	51.800058	-0.036874	-0.028617	0.041137	0.234952	0.190382	0.348204	-0.106106	-0.015921	0.012386	0.058855	0.172350	0.167845	0.393468
2021-07-29 06:17:46.000000 	119.000000	57.567248	-157.574218	51.800058	-0.048918	-0.029011	-0.009816	0.386397	0.313110	0.572658	-0.209769	-0.052771	0.008156	0.021902	0.283449	0.276040	0.647099
2021-07-29 06:17:47.000000 	120.000000	57.567248	-157.574218	51.800058	-0.050555	-0.011700	-0.001252	0.252299	0.204454	0.373925	-0.129788	-0.043881	-0.008471	0.026400	0.185083	0.180244	0.422530
2021-07-29 06:17:48.000000 	121.000000	57.567248	-157.574218	51.800058	-0.047319	0.019772	0.023464	0.362099	0.293442	0.536664	-0.188217	-0.017968	-0.036328	0.039217	0.265636	0.258692	0.606423
2021-07-29 06:17:49.000000 	122.000000	57.567248	-157.574218	51.800058	0.020110	-0.021291	-0.002345	0.233971	0.189615	0.346772	-0.137895	0.007577	0.027352	-0.007593	0.171645	0.167158	0.391847
2021-07-29 06:17:50.000000 	123.000000	57.567248	-157.574218	51.800058	-0.029872	-0.049461	0.015976	0.304966	0.247160	0.452002	-0.155309	-0.030664	0.034325	0.038412	0.223732	0.217883	0.510753
2021-07-29 06:17:51.000000 	124.000000	57.567248	-157.574218	51.800058	-0.049081	-0.016671	0.042027	0.360056	0.291819	0.533662	-0.176428	-0.021121	-0.003313	0.063214	0.264154	0.257248	0.603026
2021-07-29 06:17:52.000000 	125.000000	57.567248	-157.574218	51.800058	-0.030348	0.026593	0.038630	0.288649	0.233954	0.427832	-0.144674	0.005603	-0.036159	0.042209	0.211770	0.206234	0.483439
2021-07-29 06:17:53.000000 	126.000000	57.567248	-157.574218	51.800058	0.018934	0.026479	0.032168	0.307384	0.249148	0.455609	-0.170445	0.040550	-0.017253	0.012346	0.225520	0.219625	0.514825
2021-07-29 06:17:54.000000 	127.000000	57.567248	-157.574218	51.800058	-0.003591	-0.036078	0.014282	0.306003	0.248038	0.453569	-0.165608	-0.006759	0.031980	0.021216	0.224512	0.218643	0.512518
2021-07-29 06:17:55.000000 	128.000000	57.567248	-157.574218	51.800058	-0.097337	-0.044298	0.047961	0.347759	0.281894	0.515468	-0.147898	-0.064483	0.003815	0.097798	0.255153	0.248483	0.582462
2021-07-29 06:17:56.000000 	129.000000	57.567248	-157.574218	51.800058	-0.057144	-0.011307	0.036702	0.329570	0.267161	0.488516	-0.158855	-0.028541	-0.011348	0.061620	0.241813	0.235492	0.552005
2021-07-29 06:17:57.000000 	130.000000	57.567248	-157.574218	51.800058	0.000924	0.012864	0.025253	0.323714	0.262423	0.479842	-0.178125	0.018406	-0.011539	0.018224	0.237521	0.231312	0.542203
2021-07-29 06:17:58.000000 	131.000000	57.567248	-157.574218	51.800058	-0.036477	-0.019558	0.042371	0.304704	0.247021	0.451671	-0.147487	-0.012033	0.004163	0.057847	0.223577	0.217733	0.510369
2021-07-29 06:17:59.000000 	132.000000	57.567248	-157.574218	51.800058	-0.031637	0.010554	0.023029	0.316002	0.256190	0.468426	-0.165815	-0.008934	-0.021825	0.032962	0.231872	0.225811	0.529300
2021-07-29 06:18:00.000000 	133.000000	57.567248	-157.574218	51.800058	-0.059848	-0.031046	0.032749	0.348858	0.282838	0.517139	-0.168581	-0.039126	0.005867	0.063662	0.255986	0.249295	0.584341
2021-07-29 06:18:01.000000 	134.000000	57.567248	-157.574218	51.800058	-0.033813	-0.014984	0.004919	0.327355	0.265414	0.485270	-0.176439	-0.028567	0.000951	0.023980	0.240212	0.233933	0.548330
2021-07-29 06:18:02.000000 	135.000000	57.567248	-157.574218	51.800058	-0.028977	-0.039030	0.023128	0.293456	0.237938	0.435026	-0.147928	-0.022770	0.025024	0.041871	0.215342	0.209713	0.491555
2021-07-29 06:18:03.000000 	136.000000	57.567248	-157.574218	51.800058	-0.050125	-0.026788	0.031260	0.339546	0.275319	0.503358	-0.167260	-0.030967	0.005640	0.056714	0.249169	0.242655	0.568765
2021-07-29 06:18:04.000000 	137.000000	57.567248	-157.574218	51.800058	-0.037363	0.019303	-0.002081	0.244445	0.198215	0.362382	-0.132391	-0.024052	-0.032097	0.012817	0.179385	0.174696	0.409470
2021-07-29 06:18:05.000000 	138.000000	57.567248	-157.574218	51.800058	-0.017737	0.009314	0.032733	0.314675	0.255172	0.466503	-0.164915	0.006715	-0.015377	0.034515	0.230928	0.224891	0.527119
2021-07-29 06:18:06.000000 	139.000000	57.567248	-157.574218	51.800058	-0.029530	0.020632	0.039093	0.346073	0.280643	0.513057	-0.178005	0.004570	-0.030337	0.043414	0.253975	0.247336	0.579721
2021-07-29 06:18:07.000000 	140.000000	57.567248	-157.574218	51.800058	-0.042112	-0.039043	0.044561	0.327311	0.265438	0.485250	-0.155681	-0.021528	0.020026	0.066475	0.240211	0.233932	0.548299
2021-07-29 06:18:08.000000 	141.000000	57.567248	-157.574218	51.800058	-0.005672	-0.041253	0.005026	0.269864	0.218859	0.400090	-0.146811	-0.015013	0.035970	0.015494	0.198056	0.192879	0.452073
2021-07-29 06:18:09.000000 	142.000000	57.567248	-157.574218	51.800058	-0.067620	0.034334	0.029647	0.313513	0.254267	0.464808	-0.151025	-0.025802	-0.057533	0.051521	0.230094	0.224080	0.525199
2021-07-29 06:18:10.000000 	143.000000	57.567248	-157.574218	51.800058	-0.046318	-0.000265	0.023439	0.383617	0.311136	0.568753	-0.199787	-0.023652	-0.017425	0.042799	0.281552	0.274192	0.642647
2021-07-29 06:18:11.000000 	144.000000	57.567248	-157.574218	51.800058	-0.011714	-0.016381	0.052758	0.263986	0.214116	0.391393	-0.126268	0.013881	0.010673	0.053688	0.193754	0.188689	0.442243
2021-07-29 06:18:12.000000 	145.000000	57.567248	-157.574218	51.800058	-0.016426	-0.018120	0.050200	0.344108	0.279112	0.510192	-0.172562	0.008273	0.010483	0.054221	0.252565	0.245963	0.576474
2021-07-29 06:18:13.000000 	146.000000	57.567248	-157.574218	51.800058	-0.039757	-0.007032	0.033853	0.294116	0.238572	0.436078	-0.145121	-0.015126	-0.008667	0.049721	0.215877	0.210234	0.492730
2021-07-29 06:18:14.000000 	147.000000	57.567248	-157.574218	51.800058	-0.058130	-0.001408	0.025477	0.372537	0.302195	0.552360	-0.188819	-0.032143	-0.020875	0.050609	0.273444	0.266296	0.624117
2021-07-29 06:18:15.000000 	148.000000	57.567248	-157.574218	51.800058	-0.055029	-0.012837	0.043740	0.253286	0.205468	0.375552	-0.112157	-0.023608	-0.009126	0.066825	0.185917	0.181057	0.424339
2021-07-29 06:18:16.000000 	149.000000	57.567248	-157.574218	51.800058	-0.010363	-0.040084	0.015901	0.332732	0.269925	0.493355	-0.178313	-0.012464	0.033100	0.026759	0.244237	0.237852	0.557444
2021-07-29 06:18:17.000000 	150.000000	57.567248	-157.574218	51.800058	-0.054509	-0.021469	0.025453	0.280109	0.227244	0.415335	-0.134080	-0.035790	-0.000949	0.052898	0.205614	0.200240	0.469288
2021-07-29 06:18:18.000000 	151.000000	57.567248	-157.574218	51.800058	-0.043925	-0.013410	0.055369	0.358520	0.290868	0.531609	-0.172131	-0.008893	-0.004361	0.071252	0.263178	0.256298	0.600664
2021-07-29 06:18:19.000000 	152.000000	57.567248	-157.574218	51.800058	-0.030502	0.008963	0.015498	0.281631	0.228496	0.417604	-0.149103	-0.012600	-0.019922	0.026368	0.206740	0.201336	0.471849
2021-07-29 06:18:20.000000 	153.000000	57.567248	-157.574218	51.800058	-0.040374	-0.029479	-0.014864	0.299445	0.242958	0.444026	-0.163475	-0.048963	0.011847	0.013501	0.219822	0.214076	0.501702
2021-07-29 06:18:21.000000 	154.000000	57.567248	-157.574218	51.800058	-0.068911	-0.028315	0.017524	0.319870	0.259540	0.474320	-0.154636	-0.053483	-0.000115	0.054747	0.234821	0.228683	0.535929
2021-07-29 06:18:22.000000 	155.000000	57.567248	-157.574218	51.800058	-0.034848	-0.006347	0.049340	0.342055	0.277552	0.507226	-0.168219	-0.002770	-0.007427	0.060218	0.251114	0.244550	0.573107
2021-07-29 06:18:23.000000 	156.000000	57.567248	-157.574218	51.800058	0.009490	0.016184	0.032678	0.303895	0.246597	0.450646	-0.165735	0.030141	-0.011340	0.019565	0.223104	0.217272	0.509178
2021-07-29 06:18:24.000000 	157.000000	57.567248	-157.574218	51.800058	-0.027248	-0.014119	0.035579	0.272112	0.220815	0.403520	-0.134545	-0.006723	0.002656	0.046427	0.199775	0.194553	0.455929
2021-07-29 06:18:25.000000 	158.000000	57.567248	-157.574218	51.800058	-0.041151	-0.010393	0.055830	0.315172	0.255767	0.467382	-0.147849	-0.005510	-0.006091	0.069649	0.231393	0.225345	0.528084
2021-07-29 06:18:26.000000 	159.000000	57.567248	-157.574218	51.800058	-0.031557	0.007496	-0.021975	0.292744	0.237575	0.434129	-0.169141	-0.033992	-0.018968	-0.004437	0.214932	0.209313	0.490511
2021-07-29 06:18:27.000000 	160.000000	57.567248	-157.574218	51.800058	-0.033135	-0.011898	0.043609	0.363866	0.295305	0.539608	-0.183155	-0.006295	-0.001643	0.055668	0.267155	0.260172	0.609688
2021-07-29 06:18:28.000000 	161.000000	57.567248	-157.574218	51.800058	-0.045338	-0.027985	0.065278	0.326354	0.264872	0.483986	-0.147458	-0.009374	0.008573	0.083298	0.239619	0.233355	0.546840
2021-07-29 06:18:29.000000 	162.000000	57.567248	-157.574218	51.800058	-0.042850	0.006563	0.059449	0.341621	0.277273	0.506635	-0.162596	0.000565	-0.022413	0.070076	0.250834	0.244277	0.572429
2021-07-29 06:18:30.000000 	163.000000	57.567248	-157.574218	51.800058	-0.047927	-0.020850	-0.017027	0.279212	0.226628	0.414087	-0.151029	-0.053238	0.000990	0.013654	0.205015	0.199656	0.467861
2021-07-29 06:18:31.000000 	164.000000	57.567248	-157.574218	51.800058	-0.048219	-0.036007	0.019982	0.269993	0.219153	0.400420	-0.130280	-0.038497	0.014889	0.048137	0.198250	0.193068	0.452418
2021-07-29 06:18:32.000000 	165.000000	57.567248	-157.574218	51.800058	-0.053368	-0.003431	0.021960	0.364276	0.295695	0.540257	-0.186756	-0.030965	-0.017188	0.045694	0.267487	0.260494	0.610413
2021-07-29 06:18:33.000000 	166.000000	57.567248	-157.574218	51.800058	-0.016366	0.010592	0.065379	0.291343	0.236502	0.432097	-0.137968	0.025705	-0.016034	0.061128	0.213937	0.208344	0.488206
2021-07-29 06:18:34.000000 	167.000000	57.567248	-157.574218	51.800058	-0.004798	0.004216	0.044194	0.343011	0.278454	0.508734	-0.179477	0.021315	-0.005727	0.038817	0.251883	0.245299	0.574793
2021-07-29 06:18:35.000000 	168.000000	57.567248	-157.574218	51.800058	-0.036099	-0.032883	0.029987	0.332107	0.269613	0.492568	-0.166839	-0.022670	0.016625	0.049933	0.243881	0.237506	0.556527
2021-07-29 06:18:36.000000 	169.000000	57.567248	-157.574218	51.800058	-0.057599	0.000578	-0.002992	0.293379	0.238181	0.435135	-0.153370	-0.046357	-0.022508	0.025911	0.215447	0.209814	0.491635
2021-07-29 06:18:37.000000 	170.000000	57.567248	-157.574218	51.800058	-0.076604	-0.028457	0.014385	0.355440	0.288577	0.527191	-0.174077	-0.061214	-0.002918	0.055941	0.261028	0.254204	0.595641
2021-07-29 06:18:38.000000 	171.000000	57.567248	-157.574218	51.800058	-0.048679	-0.012207	0.042687	0.263044	0.213570	0.390154	-0.120432	-0.019016	-0.007287	0.062659	0.193179	0.188128	0.440811
2021-07-29 06:18:39.000000 	172.000000	57.567248	-157.574218	51.800058	0.039928	-0.010004	0.045924	0.327306	0.265756	0.485476	-0.176883	0.052560	0.024479	0.021013	0.240378	0.234094	0.548508
2021-07-29 06:18:40.000000 	173.000000	57.567248	-157.574218	51.800058	-0.043978	-0.007610	0.046587	0.353748	0.287236	0.524705	-0.173521	-0.011777	-0.009743	0.062679	0.259803	0.253012	0.592828
2021-07-29 06:18:41.000000 	174.000000	57.567248	-157.574218	51.800058	-0.076286	0.031244	0.000191	0.331862	0.269476	0.492249	-0.169681	-0.049355	-0.057984	0.031588	0.243735	0.237363	0.556156
2021-07-29 06:18:42.000000 	175.000000	57.567248	-157.574218	51.800058	-0.046351	-0.022323	0.007380	0.297202	0.241340	0.440844	-0.153363	-0.039392	0.002953	0.033774	0.218284	0.212577	0.498076
2021-07-29 06:18:43.000000 	176.000000	57.567248	-157.574218	51.800058	-0.015788	-0.048096	0.044709	0.339185	0.275443	0.503125	-0.168057	-0.003826	0.038436	0.055403	0.249125	0.242612	0.568442
2021-07-29 06:18:44.000000 	177.000000	57.567248	-157.574218	51.800058	-0.000553	-0.026315	0.059924	0.342194	0.277898	0.507597	-0.170040	0.023233	0.024114	0.056235	0.251341	0.244770	0.573493
2021-07-29 06:18:45.000000 	178.000000	57.567248	-157.574218	51.800058	-0.052311	0.014586	0.022036	0.293756	0.238570	0.435751	-0.147155	-0.024298	-0.033439	0.041547	0.215768	0.210127	0.492319
2021-07-29 06:18:46.000000 	179.000000	57.567248	-157.574218	51.800058	-0.050761	0.016011	0.026845	0.319764	0.259702	0.474339	-0.161125	-0.020051	-0.034164	0.044547	0.234877	0.228737	0.535914
2021-07-29 06:18:47.000000 	180.000000	57.567248	-157.574218	51.800058	-0.038675	-0.020402	0.033082	0.294635	0.239302	0.437068	-0.144762	-0.019001	0.004105	0.051269	0.216424	0.210766	0.493804
2021-07-29 06:18:48.000000 	181.000000	57.567248	-157.574218	51.800058	-0.040651	-0.014287	0.017663	0.355436	0.288695	0.527269	-0.186158	-0.026843	-0.002302	0.037984	0.261091	0.254265	0.595712
2021-07-29 06:18:49.000000 	182.000000	57.567248	-157.574218	51.800058	-0.042019	-0.012401	0.036484	0.294089	0.238877	0.436271	-0.143008	-0.017210	-0.004566	0.054161	0.216033	0.210385	0.492901
2021-07-29 06:18:50.000000 	183.000000	57.567248	-157.574218	51.800058	-0.013249	-0.002300	0.055640	0.351107	0.285201	0.520862	-0.176841	0.018763	-0.002929	0.054000	0.257924	0.251180	0.588470
2021-07-29 06:18:51.000000 	184.000000	57.567248	-157.574218	51.800058	-0.031533	-0.024381	0.034253	0.335200	0.272291	0.497272	-0.169411	-0.014082	0.010508	0.049531	0.246244	0.239806	0.561816
2021-07-29 06:18:52.000000 	185.000000	57.567248	-157.574218	51.800058	-0.058308	-0.030798	-0.004242	0.312866	0.254158	0.464146	-0.161626	-0.057683	0.006225	0.031628	0.229843	0.223833	0.524389
2021-07-29 06:18:53.000000 	186.000000	57.567248	-157.574218	51.800058	-0.070367	0.009336	0.049877	0.327683	0.266205	0.486134	-0.150036	-0.025144	-0.035474	0.075072	0.240733	0.234439	0.549229
2021-07-29 06:18:54.000000 	187.000000	57.567248	-157.574218	51.800058	0.002315	0.017076	0.008762	0.353056	0.286829	0.523785	-0.202769	0.012004	-0.014902	0.002754	0.259380	0.252599	0.591765
2021-07-29 06:18:55.000000 	188.000000	57.567248	-157.574218	51.800058	-0.006420	-0.006944	0.043690	0.265140	0.215413	0.393360	-0.133196	0.016187	0.003970	0.041479	0.194796	0.189702	0.444412
2021-07-29 06:18:56.000000 	189.000000	57.567248	-157.574218	51.800058	-0.055091	-0.022592	0.041082	0.373607	0.303548	0.554288	-0.182530	-0.028223	-0.000133	0.066607	0.274491	0.267314	0.626224
2021-07-29 06:18:57.000000 	190.000000	57.567248	-157.574218	51.800058	-0.058795	-0.012429	0.003795	0.261406	0.212396	0.387831	-0.130565	-0.047838	-0.010940	0.034894	0.192061	0.187040	0.438163
2021-07-29 06:18:58.000000 	191.000000	57.567248	-157.574218	51.800058	-0.048941	-0.020339	0.022372	0.334846	0.272077	0.496796	-0.169253	-0.032734	0.000130	0.047306	0.246025	0.239592	0.561268
2021-07-29 06:18:59.000000 	192.000000	57.567248	-157.574218	51.800058	-0.014111	-0.019813	0.047901	0.302533	0.245830	0.448861	-0.149940	0.008302	0.012932	0.051479	0.222288	0.216476	0.507110
2021-07-29 06:19:00.000000 	193.000000	57.567248	-157.574218	51.800058	-0.034024	0.005107	0.065649	0.322732	0.262254	0.478836	-0.151461	0.010307	-0.017701	0.071232	0.237135	0.230935	0.540974
2021-07-29 06:19:01.000000 	194.000000	57.567248	-157.574218	51.800058	-0.043156	0.022397	0.029702	0.270378	0.219719	0.401164	-0.133811	-0.010529	-0.037167	0.041882	0.198672	0.193477	0.453221
2021-07-29 06:19:02.000000 	195.000000	57.567248	-157.574218	51.800058	-0.031773	-0.022443	0.023437	0.378276	0.307413	0.561262	-0.198871	-0.019446	0.008624	0.040124	0.277961	0.270693	0.634092
2021-07-29 06:19:03.000000 	196.000000	57.567248	-157.574218	51.800058	-0.049501	-0.044282	0.002164	0.298325	0.242449	0.442642	-0.151722	-0.051718	0.022049	0.035426	0.219218	0.213486	0.500079
2021-07-29 06:19:04.000000 	197.000000	57.567248	-157.574218	51.800058	-0.055641	-0.019086	0.029057	0.295873	0.240466	0.439011	-0.142026	-0.033972	-0.003584	0.056014	0.217421	0.211736	0.495975
2021-07-29 06:19:05.000000 	198.000000	57.567248	-157.574218	51.800058	-0.027901	0.013913	0.049584	0.366553	0.297921	0.543891	-0.185915	0.009304	-0.023504	0.052835	0.269367	0.262323	0.614462
2021-07-29 06:19:06.000000 	199.000000	57.567248	-157.574218	51.800058	-0.013409	0.014277	0.035835	0.220898	0.179544	0.327773	-0.110730	0.013355	-0.018313	0.033972	0.162334	0.158089	0.370300
2021-07-29 06:19:07.000000 	200.000000	57.567248	-157.574218	51.800058	-0.036958	-0.032573	0.028833	0.366224	0.297676	0.543419	-0.187070	-0.023859	0.016011	0.049322	0.269138	0.262100	0.613924
2021-07-29 06:19:08.000000 	201.000000	57.567248	-157.574218	51.800058	-0.053223	-0.013801	0.024331	0.286847	0.233165	0.425641	-0.139887	-0.032919	-0.007547	0.049745	0.210809	0.205296	0.480864
2021-07-29 06:19:09.000000 	202.000000	57.567248	-157.574218	51.800058	-0.031864	-0.024023	0.028682	0.323016	0.262576	0.479318	-0.164558	-0.017213	0.010051	0.044920	0.237396	0.231188	0.541504
2021-07-29 06:19:10.000000 	203.000000	57.567248	-157.574218	51.800058	-0.034670	-0.002941	0.031509	0.333910	0.271443	0.495491	-0.171220	-0.011097	-0.010507	0.044384	0.245409	0.238991	0.559774
2021-07-29 06:19:11.000000 	204.000000	57.567248	-157.574218	51.800058	-0.040916	0.016655	0.024039	0.278398	0.226325	0.413122	-0.141281	-0.013667	-0.031004	0.037166	0.204615	0.199264	0.466717
2021-07-29 06:19:12.000000 	205.000000	57.567248	-157.574218	51.800058	-0.048252	0.002114	0.061400	0.346331	0.281562	0.513936	-0.162881	-0.004036	-0.020361	0.075311	0.254550	0.247893	0.580609
2021-07-29 06:19:13.000000 	206.000000	57.567248	-157.574218	51.800058	-0.010468	-0.050573	0.043967	0.301746	0.245325	0.447781	-0.147384	-0.000871	0.042755	0.052646	0.221786	0.215986	0.505869
2021-07-29 06:19:14.000000 	207.000000	57.567248	-157.574218	51.800058	-0.036627	-0.027158	0.008850	0.314789	0.255939	0.467143	-0.165586	-0.032574	0.011131	0.031184	0.231378	0.225327	0.527742
2021-07-29 06:19:15.000000 	208.000000	57.567248	-157.574218	51.800058	-0.065660	0.004355	0.034267	0.305981	0.248787	0.454078	-0.144702	-0.031447	-0.029074	0.060583	0.224910	0.219028	0.512981
2021-07-29 06:19:16.000000 	209.000000	57.567248	-157.574218	51.800058	-0.043701	0.015025	0.031054	0.276911	0.225160	0.410943	-0.136719	-0.012603	-0.030561	0.044801	0.203547	0.198224	0.464249
2021-07-29 06:19:17.000000 	210.000000	57.567248	-157.574218	51.800058	-0.026125	-0.008796	0.044548	0.316692	0.257516	0.469986	-0.157806	0.000677	-0.001836	0.052351	0.232794	0.226706	0.530949
2021-07-29 06:19:18.000000 	211.000000	57.567248	-157.574218	51.800058	-0.023412	-0.014500	0.035996	0.315989	0.256955	0.468949	-0.161011	-0.003630	0.004472	0.044955	0.232283	0.226208	0.529776
2021-07-29 06:19:19.000000 	212.000000	57.567248	-157.574218	51.800058	-0.044445	-0.018745	0.020589	0.283030	0.230162	0.420041	-0.141369	-0.029669	0.000372	0.043247	0.208060	0.202619	0.474523
2021-07-29 06:19:20.000000 	213.000000	57.567248	-157.574218	51.800058	-0.037588	-0.008846	0.039389	0.335305	0.272683	0.497629	-0.167573	-0.011050	-0.006162	0.053689	0.246495	0.240048	0.562172
2021-07-29 06:19:21.000000 	214.000000	57.567248	-157.574218	51.800058	-0.036841	-0.014571	0.034434	0.292753	0.238088	0.434483	-0.144453	-0.014967	-0.000585	0.050308	0.215219	0.209590	0.490835
2021-07-29 06:19:22.000000 	215.000000	57.567248	-157.574218	51.800058	-0.049527	0.005034	0.018787	0.336384	0.273582	0.499244	-0.173804	-0.026944	-0.023547	0.039380	0.247300	0.240832	0.563993
2021-07-29 06:19:23.000000 	216.000000	57.567248	-157.574218	51.800058	-0.051615	-0.005988	0.041599	0.266937	0.217109	0.396179	-0.122916	-0.019888	-0.014155	0.061923	0.196250	0.191117	0.447561
2021-07-29 06:19:24.000000 	217.000000	57.567248	-157.574218	51.800058	-0.026478	-0.011514	0.034949	0.337414	0.274441	0.500785	-0.173391	-0.005621	0.000542	0.044980	0.248070	0.241581	0.565731
2021-07-29 06:19:25.000000 	218.000000	57.567248	-157.574218	51.800058	-0.004918	-0.026650	0.036401	0.284231	0.231193	0.421857	-0.145438	0.007105	0.022759	0.038614	0.208974	0.203508	0.476566
2021-07-29 06:19:26.000000 	219.000000	57.567248	-157.574218	51.800058	-0.044790	-0.019920	0.040857	0.345555	0.281085	0.512882	-0.169773	-0.019447	0.001326	0.060764	0.254068	0.247422	0.579393
2021-07-29 06:19:27.000000 	220.000000	57.567248	-157.574218	51.800058	-0.045753	0.010173	-0.001039	0.293411	0.238679	0.435495	-0.157676	-0.032977	-0.026858	0.019724	0.215735	0.210092	0.491969
2021-07-29 06:19:28.000000 	221.000000	57.567248	-157.574218	51.800058	-0.068223	0.012307	0.043508	0.269381	0.219140	0.399833	-0.119086	-0.025931	-0.037402	0.068025	0.198071	0.192890	0.451682
2021-07-29 06:19:29.000000 	222.000000	57.567248	-157.574218	51.800058	-0.028998	-0.019430	0.026855	0.347615	0.282794	0.515960	-0.180994	-0.014478	0.006899	0.041017	0.255602	0.248916	0.582866
2021-07-29 06:19:30.000000 	223.000000	57.567248	-157.574218	51.800058	-0.028166	-0.034374	0.054029	0.348163	0.283251	0.516779	-0.168749	-0.004066	0.021030	0.066598	0.256011	0.249314	0.583789
2021-07-29 06:19:31.000000 	224.000000	57.567248	-157.574218	51.800058	-0.011172	0.003456	0.032699	0.201492	0.163932	0.299080	-0.100779	0.009933	-0.007457	0.032430	0.148165	0.144289	0.337860
2021-07-29 06:19:32.000000 	225.000000	57.567248	-157.574218	51.800058	-0.054360	-0.016772	0.022843	0.390366	0.317611	0.579438	-0.200311	-0.035561	-0.005234	0.049660	0.287059	0.279550	0.654569
2021-07-29 06:19:33.000000 	226.000000	57.567248	-157.574218	51.800058	-0.065981	-0.008290	0.031946	0.285349	0.232175	0.423561	-0.132464	-0.037014	-0.017508	0.061369	0.209839	0.204349	0.478479
2021-07-29 06:19:34.000000 	227.000000	57.567248	-157.574218	51.800058	-0.022464	0.008390	0.041746	0.353941	0.287997	0.525384	-0.183050	0.007564	-0.016326	0.044655	0.260287	0.253477	0.593503
2021-07-29 06:19:35.000000 	228.000000	57.567248	-157.574218	51.800058	-0.034406	-0.012521	0.052944	0.288754	0.234965	0.428627	-0.135609	-0.002480	-0.001552	0.064304	0.212354	0.206798	0.484199
2021-07-29 06:19:36.000000 	229.000000	57.567248	-157.574218	51.800058	-0.044934	-0.022925	0.019214	0.323980	0.263640	0.480924	-0.165197	-0.032134	0.004049	0.043184	0.238266	0.232032	0.543274
2021-07-29 06:19:37.000000 	230.000000	57.567248	-157.574218	51.800058	-0.028488	-0.016320	0.029786	0.219022	0.178237	0.325126	-0.105651	-0.011506	0.004218	0.042602	0.161080	0.156866	0.367277
2021-07-29 06:19:38.000000 	231.000000	57.567248	-157.574218	51.800058	-0.039942	-0.014869	0.026241	0.310859	0.252982	0.461458	-0.157312	-0.021877	-0.001493	0.044992	0.228628	0.222646	0.521282
2021-07-29 06:19:39.000000 	232.000000	57.567248	-157.574218	51.800058	-0.035020	0.002134	0.036550	0.341225	0.277705	0.506542	-0.173909	-0.007033	-0.015332	0.047774	0.250967	0.244401	0.572208
2021-07-29 06:19:40.000000 	233.000000	57.567248	-157.574218	51.800058	-0.041674	-0.015544	0.050479	0.318005	0.258818	0.472078	-0.151334	-0.010446	-0.001529	0.066446	0.233895	0.227776	0.533275
2021-07-29 06:19:41.000000 	234.000000	57.567248	-157.574218	51.800058	-0.032393	-0.003237	0.026948	0.259857	0.211501	0.385763	-0.130746	-0.011862	-0.009365	0.039465	0.191132	0.186131	0.435769
2021-07-29 06:19:42.000000 	235.000000	57.567248	-157.574218	51.800058	-0.032579	-0.012247	0.018240	0.332462	0.270606	0.493553	-0.175411	-0.019579	-0.001107	0.034051	0.244542	0.238143	0.557530
2021-07-29 06:19:43.000000 	236.000000	57.567248	-157.574218	51.800058	-0.064495	-0.023296	0.047847	0.281262	0.228941	0.417549	-0.123097	-0.032159	-0.003070	0.077123	0.206887	0.201473	0.471674
2021-07-29 06:19:44.000000 	237.000000	57.567248	-157.574218	51.800058	-0.028998	-0.010383	0.029457	0.277777	0.226113	0.412381	-0.140480	-0.010170	-0.001465	0.041362	0.204329	0.198982	0.465834
2021-07-29 06:19:45.000000 	238.000000	57.567248	-157.574218	51.800058	-0.037173	-0.016548	0.035685	0.323921	0.263685	0.480892	-0.161874	-0.015192	0.001116	0.051934	0.238278	0.232043	0.543223
2021-07-29 06:19:46.000000 	239.000000	57.567248	-157.574218	51.800058	-0.032908	0.002763	0.017295	0.311912	0.253920	0.463070	-0.165160	-0.015510	-0.015108	0.030347	0.229450	0.223446	0.523090
2021-07-29 06:19:47.000000 	240.000000	57.567248	-157.574218	51.800058	-0.043043	-0.001019	0.033706	0.346617	0.282184	0.514600	-0.175635	-0.015833	-0.015479	0.049995	0.254987	0.248314	0.581297
2021-07-29 06:19:48.000000 	241.000000	57.567248	-157.574218	51.800058	-0.021074	0.000575	0.044058	0.265309	0.215998	0.393891	-0.130425	0.007372	-0.008571	0.047516	0.195178	0.190070	0.444942
2021-07-29 06:19:50.000000 	243.000000	57.567248	-157.574218	51.800058	-0.052046	-0.015560	0.022447	0.236642	0.192675	0.351340	-0.111489	-0.033577	-0.005471	0.047932	0.174098	0.169542	0.396873
2021-07-29 06:19:51.000000 	244.000000	57.567248	-157.574218	51.800058	-0.038078	-0.008817	0.036980	0.363928	0.296323	0.540327	-0.185174	-0.012714	-0.006376	0.051893	0.267749	0.260742	0.610351
2021-07-29 06:19:52.000000 	245.000000	57.567248	-157.574218	51.800058	-0.026786	-0.014168	0.022949	0.259715	0.211478	0.385607	-0.132796	-0.013152	0.002878	0.035547	0.191083	0.186082	0.435578
2021-07-29 06:19:53.000000 	246.000000	57.567248	-157.574218	51.800058	-0.035023	-0.012658	0.034611	0.321103	0.261475	0.476757	-0.161720	-0.012838	-0.001660	0.049164	0.236255	0.230072	0.538540
2021-07-29 06:19:54.000000 	247.000000	57.567248	-157.574218	51.800058	-0.037867	-0.006130	0.044978	0.290413	0.236493	0.431196	-0.139535	-0.007395	-0.008779	0.057989	0.213680	0.208088	0.487072
2021-07-29 06:19:55.000000 	248.000000	57.567248	-157.574218	51.800058	-0.029640	-0.014075	0.027523	0.369852	0.301195	0.549151	-0.194192	-0.012896	0.001703	0.040804	0.272137	0.265014	0.620310
2021-07-29 06:19:56.000000 	249.000000	57.567248	-157.574218	51.800058	-0.045781	-0.007253	0.045879	0.259930	0.211687	0.385945	-0.118962	-0.013448	-0.010760	0.062903	0.191261	0.186256	0.435955
2021-07-29 06:19:57.000000 	250.000000	57.567248	-157.574218	51.800058	-0.032519	-0.026760	0.020040	0.373518	0.304205	0.554607	-0.196960	-0.023240	0.012330	0.038510	0.274848	0.267655	0.626470
2021-07-29 06:19:58.000000 	251.000000	57.567248	-157.574218	51.800058	-0.054057	-0.005911	0.045119	0.264062	0.215069	0.392089	-0.119200	-0.019880	-0.015158	0.066090	0.194312	0.189226	0.442893
2021-07-29 06:19:59.000000 	252.000000	57.567248	-157.574218	51.800058	-0.029568	0.015926	0.033563	0.342522	0.278984	0.508598	-0.178430	0.000059	-0.026002	0.039728	0.252055	0.245457	0.574495
2021-07-29 06:20:00.000000 	253.000000	57.567248	-157.574218	51.800058	-0.046423	-0.016833	0.036933	0.311817	0.253984	0.463010	-0.151674	-0.021831	-0.002150	0.057630	0.229465	0.223459	0.522999
2021-07-29 06:20:01.000000 	254.000000	57.567248	-157.574218	51.800058	-0.040750	-0.017864	0.032295	0.276917	0.225567	0.411194	-0.134720	-0.020225	0.000967	0.051114	0.203788	0.198454	0.464468
2021-07-29 06:20:02.000000 	255.000000	57.567248	-157.574218	51.800058	-0.025184	-0.005752	0.024159	0.317333	0.258498	0.471213	-0.167145	-0.008544	-0.004290	0.034052	0.233537	0.227424	0.532261
2021-07-29 06:20:03.000000 	256.000000	57.567248	-157.574218	51.800058	-0.056880	-0.005536	0.052075	0.319602	0.260357	0.474588	-0.148132	-0.018232	-0.016582	0.073284	0.235213	0.229056	0.536071
2021-07-29 06:20:04.000000 	257.000000	57.567248	-157.574218	51.800058	-0.046483	-0.004816	0.043303	0.306653	0.249818	0.455365	-0.147297	-0.014593	-0.013281	0.060578	0.225689	0.219781	0.514357
2021-07-29 06:20:05.000000 	258.000000	57.567248	-157.574218	51.800058	-0.027828	-0.009663	0.049509	0.305383	0.248793	0.453484	-0.148871	0.001730	-0.001684	0.057560	0.224760	0.218877	0.512231
2021-07-29 06:20:06.000000 	259.000000	57.567248	-157.574218	51.800058	-0.042009	-0.027136	0.033842	0.302255	0.246255	0.448844	-0.147423	-0.023362	0.009058	0.054941	0.222464	0.216640	0.506988
2021-07-29 06:20:07.000000 	260.000000	57.567248	-157.574218	51.800058	-0.040284	-0.017356	0.026343	0.351042	0.286014	0.521299	-0.180419	-0.022889	0.000676	0.045756	0.258379	0.251615	0.588827
2021-07-29 06:20:08.000000 	261.000000	57.567248	-157.574218	51.800058	-0.034940	-0.000467	0.038587	0.293121	0.238833	0.435292	-0.145060	-0.006715	-0.012897	0.049985	0.215754	0.210105	0.491677
2021-07-29 06:20:09.000000 	262.000000	57.567248	-157.574218	51.800058	-0.039252	0.001693	0.054652	0.373441	0.304289	0.554575	-0.184244	-0.000768	-0.016539	0.065241	0.274881	0.267684	0.626410
2021-07-29 06:20:10.000000 	263.000000	57.567248	-157.574218	51.800058	-0.032626	-0.010039	0.034497	0.299800	0.244294	0.445221	-0.150398	-0.010186	-0.003167	0.047344	0.220681	0.214904	0.502889
2021-07-29 06:20:11.000000 	264.000000	57.567248	-157.574218	51.800058	-0.058241	-0.029741	0.033509	0.302013	0.246108	0.448514	-0.142111	-0.037044	0.005274	0.063240	0.222317	0.216496	0.506607
2021-07-29 06:20:12.000000 	265.000000	57.567248	-157.574218	51.800058	-0.035738	-0.013159	0.020751	0.280327	0.228445	0.416313	-0.143230	-0.020991	-0.001469	0.037923	0.206359	0.200956	0.470234
2021-07-29 06:20:13.000000 	266.000000	57.567248	-157.574218	51.800058	-0.036998	0.001296	0.050114	0.314571	0.256361	0.467173	-0.152439	-0.001572	-0.015312	0.060374	0.231573	0.225510	0.527680
2021-07-29 06:20:14.000000 	267.000000	57.567248	-157.574218	51.800058	-0.044296	0.003363	0.036755	0.375670	0.306167	0.557920	-0.191460	-0.013764	-0.020006	0.052294	0.276560	0.269318	0.630177
2021-07-29 06:20:15.000000 	268.000000	57.567248	-157.574218	51.800058	-0.054283	-0.018009	0.019044	0.285034	0.232309	0.423319	-0.140253	-0.037937	-0.004062	0.046669	0.209842	0.204347	0.478142
2021-07-29 06:20:16.000000 	269.000000	57.567248	-157.574218	51.800058	-0.047060	-0.021532	0.052876	0.333117	0.271509	0.494735	-0.157172	-0.015291	0.001951	0.072364	0.245247	0.238825	0.558806
2021-07-29 06:20:17.000000 	270.000000	57.567248	-157.574218	51.800058	-0.013594	-0.000047	0.040682	0.304546	0.248232	0.452308	-0.156614	0.011197	-0.005142	0.041085	0.224219	0.218347	0.510883
2021-07-29 06:20:18.000000 	271.000000	57.567248	-157.574218	51.800058	-0.050751	-0.003460	0.073161	0.359698	0.293198	0.534225	-0.165038	-0.001473	-0.016163	0.087618	0.264831	0.257896	0.603406
2021-07-29 06:20:19.000000 	272.000000	57.567248	-157.574218	51.800058	-0.049221	-0.004481	0.007134	0.283509	0.231104	0.421074	-0.146796	-0.036019	-0.014635	0.031339	0.208742	0.203275	0.475600
2021-07-29 06:20:20.000000 	273.000000	57.567248	-157.574218	51.800058	-0.039694	-0.020279	0.028165	0.365299	0.297788	0.542557	-0.187920	-0.022393	0.003602	0.047599	0.268970	0.261926	0.612813
2021-07-29 06:20:21.000000 	274.000000	57.567248	-157.574218	51.800058	-0.025538	-0.005634	0.061645	0.277275	0.226040	0.411825	-0.128423	0.011322	-0.004534	0.065843	0.204163	0.198816	0.465150
2021-07-29 06:20:22.000000 	275.000000	57.567248	-157.574218	51.800058	-0.028538	-0.013695	0.039159	0.329494	0.268622	0.489390	-0.166597	-0.005673	0.001772	0.050000	0.242620	0.236266	0.552757
2021-07-29 06:20:23.000000 	276.000000	57.567248	-157.574218	51.800058	-0.031480	-0.014170	0.037757	0.306405	0.249808	0.455100	-0.152891	-0.008874	0.001089	0.050373	0.225624	0.219715	0.514026
2021-07-29 06:20:24.000000 	277.000000	57.567248	-157.574218	51.800058	-0.056326	-0.016896	0.029733	0.315632	0.257341	0.468811	-0.153694	-0.033439	-0.005870	0.056475	0.232425	0.226337	0.529510
2021-07-29 06:20:25.000000 	278.000000	57.567248	-157.574218	51.800058	-0.037715	-0.014332	0.017374	0.069875	0.056973	0.103787	0.054173	-0.024722	-0.001140	0.036293	0.051456	0.050108	0.117225
2021-07-29 06:20:26.000000 	279.000000	57.567248	-157.574218	51.800058	-0.046012	0.002797	0.043702	0.306432	0.249860	0.455157	-0.147829	-0.011559	-0.020139	0.059123	0.225663	0.219752	0.514085
2021-07-29 06:20:27.000000 	280.000000	57.567248	-157.574218	51.800058	-0.041478	0.002970	0.036837	0.363859	0.296698	0.540463	0.234678	-0.011648	-0.018569	0.051046	0.267962	0.260943	0.610433
2021-07-29 06:20:28.000000 	281.000000	57.567248	-157.574218	51.800058	-0.040015	-0.023644	0.033354	0.305015	0.248725	0.453063	-0.150344	-0.020945	0.006591	0.052826	0.224633	0.218748	0.511717
2021-07-29 06:20:29.000000 	282.000000	57.567248	-157.574218	51.800058	-0.039553	-0.005898	0.051485	0.316205	0.257861	0.469690	-0.151616	-0.005146	-0.009637	0.064269	0.232880	0.226780	0.530495
2021-07-29 06:20:30.000000 	283.000000	57.567248	-157.574218	51.800058	-0.031792	-0.014698	0.020067	0.318939	0.260101	0.473756	-0.167030	-0.018775	0.001458	0.035705	0.234900	0.228746	0.535085
2021-07-29 06:20:31.000000 	284.000000	57.567248	-157.574218	51.800058	-0.053785	-0.010116	0.033256	0.324052	0.264281	0.481357	-0.158793	-0.027384	-0.011167	0.056802	0.238673	0.232420	0.543668
2021-07-29 06:20:32.000000 	285.000000	57.567248	-157.574218	51.800058	-0.053675	-0.005014	0.052492	0.312274	0.254687	0.463868	-0.144848	-0.015339	-0.015842	0.071940	0.230005	0.223979	0.523913
2021-07-29 06:20:33.000000 	286.000000	57.567248	-157.574218	51.800058	-0.015489	-0.004925	0.029922	0.998199	0.814151	1.482791	-0.562607	0.002377	-0.001357	0.033941	0.735242	0.715979	1.674726
2021-07-29 06:20:34.000000 	287.000000	57.567248	-157.574218	51.800058	-0.043560	-0.008325	0.050252	0.322117	0.262736	0.478500	-0.154232	-0.009716	-0.008922	0.065712	0.237268	0.231052	0.540436
2021-07-29 06:20:35.000000 	288.000000	57.567248	-157.574218	51.800058	-0.042872	-0.023777	0.031426	0.321604	0.262328	0.477743	-0.159949	-0.024250	0.005623	0.052643	0.236897	0.230690	0.539579
2021-07-29 06:20:36.000000 	289.000000	57.567248	-157.574218	51.800058	-0.041061	-0.013069	0.064344	0.321227	0.262031	0.477188	-0.148225	-0.001735	-0.003584	0.077338	0.236626	0.230426	0.538950
2021-07-29 06:20:37.000000 	290.000000	57.567248	-157.574218	51.800058	-0.036764	-0.008391	0.037143	0.323952	0.264265	0.481242	-0.162510	-0.011465	-0.006269	0.051292	0.238640	0.232387	0.543527
2021-07-29 06:20:38.000000 	291.000000	57.567248	-157.574218	51.800058	-0.044597	0.001104	0.023629	0.332245	0.271041	0.493567	-0.171140	-0.021766	-0.018034	0.041827	0.244756	0.238343	0.557446
2021-07-29 06:20:39.000000 	292.000000	57.567248	-157.574218	51.800058	-0.042996	-0.011613	0.043237	0.296711	0.242063	0.440785	-0.142112	-0.014096	-0.005667	0.060184	0.218586	0.212858	0.497831
2021-07-29 06:20:40.000000 	293.000000	57.567248	-157.574218	51.800058	-0.040255	-0.012773	0.029352	0.288908	0.235706	0.429197	-0.143722	-0.019778	-0.003549	0.047343	0.212843	0.207265	0.484741
2021-07-29 06:20:41.000000 	294.000000	57.567248	-157.574218	51.800058	-0.042793	-0.027328	0.047309	0.353585	0.288485	0.525286	-0.171994	-0.016814	0.008936	0.066736	0.260499	0.253672	0.593264
2021-07-29 06:20:42.000000 	295.000000	57.567248	-157.574218	51.800058	-0.044619	0.000977	0.038317	0.303695	0.247791	0.451176	-0.148742	-0.013947	-0.017925	0.054260	0.223750	0.217886	0.509561
2021-07-29 06:20:43.000000 	296.000000	57.567248	-157.574218	51.800058	-0.036817	0.002658	0.019565	0.352377	0.287524	0.523504	-0.186938	-0.017376	-0.016503	0.034222	0.259624	0.252820	0.591248
2021-07-29 06:20:44.000000 	297.000000	57.567248	-157.574218	51.800058	-0.040081	0.000389	0.051897	0.314010	0.256228	0.466509	-0.150593	-0.003313	-0.015650	0.063593	0.231363	0.225299	0.526875
2021-07-29 06:20:45.000000 	298.000000	57.567248	-157.574218	51.800058	-0.046878	-0.017817	0.027060	0.325472	0.265592	0.483544	-0.163422	-0.027798	-0.001414	0.049725	0.239815	0.233530	0.546113
2021-07-29 06:20:46.000000 	299.000000	57.567248	-157.574218	51.800058	-0.029051	-0.022038	0.041739	0.312518	0.255032	0.464304	-0.154727	-0.007376	0.009289	0.054139	0.230277	0.224241	0.524381
2021-07-29 06:20:47.000000 	300.000000	57.567248	-157.574218	51.800058	-0.030837	-0.001528	0.037207	0.334952	0.273350	0.497639	-0.171213	-0.004596	-0.010351	0.047004	0.246814	0.240345	0.562027
2021-07-29 06:20:48.000000 	301.000000	57.567248	-157.574218	51.800058	-0.044721	-0.011771	0.059554	0.293501	0.239533	0.436061	-0.133169	-0.006742	-0.006180	0.074844	0.216277	0.210608	0.492480
2021-07-29 06:20:49.000000 	302.000000	57.567248	-157.574218	51.800058	-0.034941	-0.004964	0.039114	0.300030	0.244871	0.445766	-0.148684	-0.007882	-0.008741	0.051351	0.221095	0.215299	0.503439
2021-07-29 06:20:50.000000 	303.000000	57.567248	-157.574218	51.800058	-0.063653	0.006030	0.044443	0.344274	0.280993	0.511506	-0.164495	-0.023885	-0.029856	0.067833	0.253706	0.247055	0.577683
2021-07-29 06:20:51.000000 	304.000000	57.567248	-157.574218	51.800058	-0.032919	-0.028416	0.027459	0.303320	0.247576	0.450663	-0.153170	-0.020106	0.013709	0.045309	0.223532	0.217672	0.508966
2021-07-29 06:20:52.000000 	305.000000	57.567248	-157.574218	51.800058	-0.026477	-0.017359	0.039897	0.317355	0.259043	0.471521	-0.159542	-0.004849	0.005946	0.050352	0.233882	0.227750	0.532521
2021-07-29 06:20:53.000000 	306.000000	57.567248	-157.574218	51.800058	-0.033242	-0.002068	0.032627	0.317195	0.258923	0.471288	-0.162025	-0.009103	-0.010770	0.044441	0.233771	0.227642	0.532256
2021-07-29 06:20:54.000000 	307.000000	57.567248	-157.574218	51.800058	-0.043974	-0.006327	0.047303	0.309913	0.252990	0.460475	-0.148456	-0.010977	-0.010927	0.063019	0.228411	0.222422	0.520042
2021-07-29 06:20:55.000000 	308.000000	57.567248	-157.574218	51.800058	-0.046428	0.002405	0.022814	0.336564	0.274757	0.500079	-0.173599	-0.023213	-0.019934	0.041780	0.248060	0.241556	0.564767
2021-07-29 06:20:56.000000 	309.000000	57.567248	-157.574218	51.800058	-0.055925	-0.026959	0.057358	0.302468	0.246932	0.449422	-0.134444	-0.021551	0.003586	0.081652	0.222937	0.217091	0.507556
2021-07-29 06:20:57.000000 	310.000000	57.567248	-157.574218	51.800058	-0.024215	-0.001157	0.013162	0.284324	0.232129	0.422467	-0.153229	-0.012206	-0.008169	0.023351	0.209570	0.204074	0.477113
2021-07-29 06:20:58.000000 	311.000000	57.567248	-157.574218	51.800058	-0.036125	-0.008668	0.061021	0.307932	0.251414	0.457551	-0.143711	0.001750	-0.005769	0.071185	0.226977	0.221025	0.516732
2021-07-29 06:20:59.000000 	312.000000	57.567248	-157.574218	51.800058	-0.046233	-0.003542	0.051638	0.353483	0.288616	0.525240	-0.171736	-0.009517	-0.014363	0.067228	0.260561	0.253728	0.593175
2021-07-29 06:21:00.000000 	313.000000	57.567248	-157.574218	51.800058	-0.051211	-0.016793	0.027251	0.289237	0.236170	0.429782	-0.140993	-0.030747	-0.004013	0.051824	0.213210	0.207619	0.485369
2021-07-29 06:21:01.000000 	314.000000	57.567248	-157.574218	51.800058	-0.031789	0.001660	0.016086	0.302035	0.246630	0.448804	-0.160462	-0.015640	-0.013661	0.028997	0.222651	0.216812	0.506849
2021-07-29 06:21:02.000000 	315.000000	57.567248	-157.574218	51.800058	-0.036149	-0.013630	0.061113	0.348087	0.284246	0.517239	-0.166639	0.000184	-0.001191	0.072291	0.256606	0.249876	0.584132
2021-07-29 06:21:03.000000 	316.000000	57.567248	-157.574218	51.800058	-0.035033	-0.011080	0.057610	0.332254	0.271328	0.493718	-0.159409	-0.000003	-0.003123	0.068259	0.244942	0.238518	0.557568
2021-07-29 06:21:04.000000 	317.000000	57.567248	-157.574218	51.800058	-0.043355	-0.013668	0.036435	0.267211	0.218221	0.397071	-0.127373	-0.018685	-0.003905	0.055042	0.196998	0.191830	0.448420
2021-07-29 06:21:05.000000 	318.000000	57.567248	-157.574218	51.800058	-0.041216	-0.003014	0.043887	0.335326	0.273859	0.498293	-0.165789	-0.009590	-0.012937	0.058091	0.247221	0.240737	0.562730
2021-07-29 06:21:06.000000 	319.000000	57.567248	-157.574218	51.800058	-0.049362	-0.019691	0.049719	0.297429	0.242919	0.441983	-0.137370	-0.018187	-0.000629	0.070464	0.219288	0.213536	0.499137
2021-07-29 06:21:07.000000 	320.000000	57.567248	-157.574218	51.800058	-0.042012	-0.000878	0.014610	0.330766	0.270158	0.491528	-0.174511	-0.025224	-0.015216	0.033338	0.243874	0.237477	0.555087
2021-07-29 06:21:08.000000 	321.000000	57.567248	-157.574218	51.800058	-0.044074	-0.018226	0.038614	0.322591	0.263492	0.479385	-0.158184	-0.019546	0.000034	0.058169	0.237854	0.231614	0.541372
2021-07-29 06:21:09.000000 	322.000000	57.567248	-157.574218	51.800058	-0.033783	-0.002387	0.053617	0.238283	0.194637	0.354103	-0.107323	0.001630	-0.010681	0.062490	0.175697	0.171088	0.399888
2021-07-29 06:21:10.000000 	323.000000	57.567248	-157.574218	51.800058	-0.031847	-0.003637	0.036770	0.324477	0.265054	0.482196	-0.164953	-0.006298	-0.008787	0.047567	0.239258	0.232981	0.544543
2021-07-29 06:21:11.000000 	324.000000	57.567248	-157.574218	51.800058	-0.047089	-0.012783	0.022530	0.310388	0.253556	0.461264	-0.156936	-0.028771	-0.006147	0.044976	0.228877	0.222872	0.520902
2021-07-29 06:21:12.000000 	325.000000	57.567248	-157.574218	51.800058	-0.058938	-0.013632	0.051282	0.276339	0.225751	0.410669	-0.122059	-0.022869	-0.009883	0.075291	0.203776	0.198429	0.463764
2021-07-29 06:21:13.000000 	326.000000	57.567248	-157.574218	51.800058	-0.030986	0.004819	0.042833	0.392418	0.320593	0.583180	-0.202997	0.000348	-0.016276	0.050528	0.289382	0.281789	0.658577
2021-07-29 06:21:14.000000 	327.000000	57.567248	-157.574218	51.800058	-0.028176	-0.020588	0.030545	0.303692	0.248117	0.451327	-0.154608	-0.012230	0.008282	0.043961	0.223959	0.218083	0.509675
2021-07-29 06:21:15.000000 	328.000000	57.567248	-157.574218	51.800058	-0.047192	-0.018410	0.051646	0.285291	0.233093	0.423986	-0.130328	-0.015048	-0.000985	0.070753	0.210396	0.204875	0.478798
2021-07-29 06:21:16.000000 	329.000000	57.567248	-157.574218	51.800058	-0.028253	0.001570	0.043515	0.318232	0.260018	0.472946	-0.160028	0.001800	-0.012229	0.050413	0.234697	0.228538	0.534085
2021-07-29 06:21:17.000000 	330.000000	57.567248	-157.574218	51.800058	-0.041419	-0.004273	0.041469	0.303060	0.247632	0.450403	-0.147832	-0.011451	-0.011851	0.056408	0.223514	0.217648	0.508626
2021-07-29 06:21:18.000000 	331.000000	57.567248	-157.574218	51.800058	-0.047820	-0.021060	0.043421	0.333197	0.272268	0.495197	-0.161131	-0.020803	0.001225	0.064664	0.245748	0.239299	0.559208
2021-07-29 06:21:19.000000 	332.000000	57.567248	-157.574218	51.800058	-0.044794	-0.012662	0.032115	0.272052	0.222314	0.404328	-0.131612	-0.021801	-0.005384	0.051903	0.200657	0.195391	0.456591
2021-07-29 06:21:20.000000 	333.000000	57.567248	-157.574218	51.800058	-0.048544	0.000120	0.050481	0.226801	0.185344	0.337079	-0.097674	-0.010762	-0.018629	0.066648	0.167287	0.162896	0.380648
2021-07-29 06:21:21.000000 	334.000000	57.567248	-157.574218	51.800058	-0.047553	-0.005127	0.045306	0.404103	0.330250	0.600596	-0.203411	-0.014453	-0.013401	0.062862	0.298072	0.290249	0.678225
2021-07-29 06:21:22.000000 	335.000000	57.567248	-157.574218	51.800058	-0.044920	-0.007455	0.040992	0.297145	0.242850	0.441635	-0.143278	-0.015462	-0.010245	0.058392	0.219185	0.213432	0.498716
