2021-07-29 06:12:43.000000 	-184.000000	57.790719	-152.425436	347.300035	-0.024969	-0.014626	0.007427	0.228832	0.182208	0.335495	-0.120089	-0.020497	0.001407	0.021690	0.167540	0.161273	0.379529
2021-07-29 06:12:44.000000 	-183.000000	57.790719	-152.425436	347.300035	-0.037834	-0.027754	0.021442	0.349482	0.278284	0.512395	-0.179008	-0.027817	0.007088	0.042866	0.255877	0.246304	0.579647
2021-07-29 06:12:45.000000 	-182.000000	57.790719	-152.425436	347.300035	-0.036468	-0.002390	0.019852	0.329770	0.262596	0.483505	-0.171276	-0.017706	-0.014762	0.034617	0.241446	0.232412	0.546964
2021-07-29 06:12:46.000000 	-181.000000	57.790719	-152.425436	347.300035	-0.028054	-0.014356	0.006073	0.337398	0.268678	0.494700	-0.182298	-0.023426	-0.000261	0.021936	0.247033	0.237788	0.559629
2021-07-29 06:12:47.000000 	-180.000000	57.790719	-152.425436	347.300035	-0.029098	-0.019985	0.004654	0.264867	0.210926	0.388363	-0.140051	-0.027170	0.004245	0.022617	0.193930	0.186671	0.439335
2021-07-29 06:12:48.000000 	-179.000000	57.790719	-152.425436	347.300035	-0.033029	-0.022423	0.023431	0.333789	0.265820	0.489431	-0.171222	-0.021065	0.004587	0.040963	0.244396	0.235246	0.553668
2021-07-29 06:12:49.000000 	-178.000000	57.790719	-152.425436	347.300035	-0.027897	-0.016577	0.002313	0.311216	0.247850	0.456341	-0.168437	-0.026183	0.001780	0.019228	0.227869	0.219337	0.516236
2021-07-29 06:12:50.000000 	-177.000000	57.790719	-152.425436	347.300035	-0.038537	-0.011641	0.016747	0.295804	0.235584	0.433752	-0.151424	-0.024536	-0.007520	0.035250	0.216587	0.208476	0.490682
2021-07-29 06:12:51.000000 	-176.000000	57.790719	-152.425436	347.300035	-0.030901	-0.020016	0.010670	0.311360	0.247980	0.456574	-0.164088	-0.025328	0.003438	0.028567	0.227979	0.219440	0.516498
2021-07-29 06:12:52.000000 	-175.000000	57.790719	-152.425436	347.300035	-0.030434	-0.017200	0.021399	0.326532	0.260071	0.478831	-0.169164	-0.018156	0.001159	0.036729	0.239090	0.230133	0.541677
2021-07-29 06:12:53.000000 	-174.000000	57.790719	-152.425436	347.300035	-0.020940	-0.010448	-0.004307	0.881157	0.701832	1.292171	0.510302	-0.022093	-0.000432	0.008827	0.645198	0.621023	1.461767
2021-07-29 06:12:54.000000 	-173.000000	57.790719	-152.425436	347.300035	-0.041294	-0.024569	0.020850	0.300908	0.239677	0.441276	-0.150549	-0.029479	0.002663	0.043213	0.220332	0.212075	0.499193
2021-07-29 06:12:55.000000 	-172.000000	57.790719	-152.425436	347.300035	-0.026839	-0.006621	0.011782	0.288106	0.229487	0.422511	-0.152878	-0.016443	-0.006555	0.024283	0.210960	0.203053	0.477965
2021-07-29 06:12:56.000000 	-171.000000	57.790719	-152.425436	347.300035	-0.035175	-0.023497	0.016521	1.509404	1.202332	2.213610	-0.848810	-0.026778	0.004546	0.036395	1.105241	1.063808	2.504142
2021-07-29 06:12:57.000000 	-170.000000	57.790719	-152.425436	347.300035	-0.011960	-0.009482	-0.016082	0.322906	0.257222	0.473567	-0.187436	-0.021255	0.002868	-0.005617	0.236446	0.227580	0.535722
2021-07-29 06:12:58.000000 	-169.000000	57.790719	-152.425436	347.300035	-0.042239	-0.012517	0.024477	0.304753	0.242768	0.446953	-0.152422	-0.023535	-0.008458	0.043755	0.223155	0.214787	0.505615
2021-07-29 06:12:59.000000 	-168.000000	57.790719	-152.425436	347.300035	-0.022205	-0.020315	-0.004335	0.373859	0.297828	0.548317	-0.208240	-0.026921	0.007729	0.011836	0.273761	0.263493	0.620282
2021-07-29 06:13:00.000000 	-167.000000	57.790719	-152.425436	347.300035	-0.037567	-0.011799	0.006080	0.285943	0.227799	0.419386	-0.150029	-0.029556	-0.006931	0.025805	0.209386	0.201531	0.474429
2021-07-29 06:13:01.000000 	-166.000000	57.790719	-152.425436	347.300035	-0.025417	-0.019637	0.022363	0.261694	0.208487	0.383829	-0.132586	-0.014834	0.005641	0.035775	0.191631	0.184441	0.434205
2021-07-29 06:13:02.000000 	-165.000000	57.790719	-152.425436	347.300035	-0.023688	-0.018784	0.004105	0.316238	0.251948	0.463839	-0.171629	-0.022935	0.005685	0.019300	0.231574	0.222884	0.524716
2021-07-29 06:13:03.000000 	-164.000000	57.790719	-152.425436	347.300035	-0.046660	-0.019485	0.031648	0.347985	0.277249	0.510414	-0.172574	-0.025758	-0.004327	0.053631	0.254824	0.245259	0.577404
2021-07-29 06:13:04.000000 	-163.000000	57.790719	-152.425436	347.300035	-0.020170	-0.020508	0.000218	0.281632	0.224391	0.413099	-0.153947	-0.023043	0.008842	0.014774	0.206237	0.198495	0.467317
2021-07-29 06:13:05.000000 	-162.000000	57.790719	-152.425436	347.300035	-0.032497	-0.008563	0.020116	0.331830	0.264394	0.486739	-0.173007	-0.017004	-0.007453	0.034486	0.242998	0.233874	0.550622
2021-07-29 06:13:06.000000 	-161.000000	57.790719	-152.425436	347.300035	-0.033863	-0.013599	0.008990	0.309187	0.246360	0.453536	-0.163320	-0.025932	-0.003621	0.026961	0.226419	0.217917	0.513061
2021-07-29 06:13:07.000000 	-160.000000	57.790719	-152.425436	347.300035	-0.026965	-0.021523	0.015099	0.270444	0.215496	0.396713	-0.139777	-0.020605	0.006596	0.030825	0.198049	0.190611	0.448780
2021-07-29 06:13:08.000000 	-159.000000	57.790719	-152.425436	347.300035	-0.031251	-0.017048	0.002599	0.363586	0.289723	0.533356	-0.197495	-0.028730	0.000645	0.021170	0.266261	0.256259	0.603357
2021-07-29 06:13:09.000000 	-158.000000	57.790719	-152.425436	347.300035	-0.039473	-0.016399	0.015959	0.329022	0.262188	0.482662	-0.170140	-0.027521	-0.003736	0.036199	0.240951	0.231898	0.546010
2021-07-29 06:13:10.000000 	-157.000000	57.790719	-152.425436	347.300035	-0.028114	-0.012364	0.003861	0.305450	0.243412	0.448093	-0.164950	-0.023870	-0.002054	0.019600	0.223691	0.215285	0.506903
2021-07-29 06:13:11.000000 	-156.000000	57.790719	-152.425436	347.300035	-0.018832	-0.010888	0.003918	0.289637	0.230818	0.424904	-0.158662	-0.016300	0.000933	0.014899	0.212113	0.204140	0.480671
2021-07-29 06:13:12.000000 	-155.000000	57.790719	-152.425436	347.300035	-0.036595	-0.014571	0.026299	0.325075	0.259067	0.476904	-0.164938	-0.019136	-0.004024	0.043137	0.238068	0.229119	0.539496
2021-07-29 06:13:13.000000 	-154.000000	57.790719	-152.425436	347.300035	-0.024254	-0.020071	-0.005767	0.375594	0.299337	0.551030	-0.209241	-0.029125	0.006564	0.011532	0.275068	0.264726	0.623350
2021-07-29 06:13:14.000000 	-153.000000	57.790719	-152.425436	347.300035	-0.034456	-0.017670	0.024104	0.275094	0.219248	0.403597	-0.137268	-0.019915	-0.000287	0.041034	0.201469	0.193893	0.456567
2021-07-29 06:13:15.000000 	-152.000000	57.790719	-152.425436	347.300035	-0.021943	-0.015299	0.003791	0.325193	0.259184	0.477107	-0.177815	-0.020429	0.003404	0.017350	0.238161	0.229204	0.539725
2021-07-29 06:13:16.000000 	-151.000000	57.790719	-152.425436	347.300035	-0.043828	-0.019638	0.008498	0.349786	0.278794	0.513200	-0.183256	-0.036033	-0.002881	0.032743	0.256175	0.246538	0.580554
2021-07-29 06:13:17.000000 	-150.000000	57.790719	-152.425436	347.300035	-0.032390	-0.024286	0.015991	0.268197	0.213771	0.393503	-0.136212	-0.025280	0.006534	0.034826	0.196423	0.189033	0.445148
2021-07-29 06:13:18.000000 	-149.000000	57.790719	-152.425436	347.300035	-0.031047	-0.006659	0.016333	0.356381	0.284068	0.522899	-0.189219	-0.017187	-0.008470	0.030132	0.261010	0.251188	0.591526
2021-07-29 06:13:19.000000 	-148.000000	57.790719	-152.425436	347.300035	-0.026101	-0.019194	0.013060	0.974645	0.776905	1.430076	0.573031	-0.020132	0.004932	0.028118	0.713829	0.686963	1.617765
2021-07-29 06:13:20.000000 	-147.000000	57.790719	-152.425436	347.300035	-0.022988	-0.014235	0.003077	0.356286	0.284010	0.522783	-0.195810	-0.021176	0.001977	0.016976	0.260946	0.251124	0.591394
2021-07-29 06:13:21.000000 	-146.000000	57.790719	-152.425436	347.300035	-0.039457	-0.011159	0.010074	0.265349	0.211527	0.389358	-0.136115	-0.028594	-0.008373	0.029919	0.194345	0.187028	0.440458
2021-07-29 06:13:22.000000 	-145.000000	57.790719	-152.425436	347.300035	-0.030158	-0.026945	0.025081	0.291604	0.232464	0.427892	-0.146546	-0.019803	0.009924	0.042118	0.213577	0.205535	0.484050
2021-07-29 06:13:23.000000 	-144.000000	57.790719	-152.425436	347.300035	-0.042140	-0.023694	0.023152	0.330917	0.263811	0.485589	-0.166895	-0.028545	0.001496	0.045345	0.242373	0.233245	0.549319
2021-07-29 06:13:24.000000 	-143.000000	57.790719	-152.425436	347.300035	-0.025655	-0.003217	-0.005866	0.364801	0.290833	0.535321	-0.204440	-0.023628	-0.009024	0.007951	0.267193	0.257128	0.605578
2021-07-29 06:13:25.000000 	-142.000000	57.790719	-152.425436	347.300035	-0.024533	-0.020495	0.017199	0.268296	0.213902	0.393716	-0.138567	-0.017259	0.006810	0.031200	0.196512	0.189108	0.445388
2021-07-29 06:13:26.000000 	-141.000000	57.790719	-152.425436	347.300035	-0.037562	-0.025215	0.015533	0.350329	0.279313	0.514107	-0.182185	-0.029767	0.004963	0.037111	0.256599	0.246930	0.581580
2021-07-29 06:13:27.000000 	-140.000000	57.790719	-152.425436	347.300035	-0.027153	-0.015710	0.004359	1.566690	1.249139	2.299164	-0.889494	-0.024195	0.001356	0.020394	1.147537	1.104288	2.600909
2021-07-29 06:13:28.000000 	-139.000000	57.790719	-152.425436	347.300035	-0.024207	-0.012730	0.014054	0.988900	0.788485	1.451271	0.580634	-0.015649	0.000078	0.026469	0.724337	0.697033	1.641737
2021-07-29 06:13:29.000000 	-138.000000	57.790719	-152.425436	347.300035	-0.038973	-0.020083	0.002801	0.281894	0.224771	0.413705	-0.147552	-0.035603	-0.000239	0.025739	0.206480	0.198695	0.468000
2021-07-29 06:13:30.000000 	-137.000000	57.790719	-152.425436	347.300035	-0.036645	-0.021044	0.036200	0.311685	0.248533	0.457437	-0.152649	-0.016431	0.001691	0.053135	0.228304	0.219695	0.517471
2021-07-29 06:13:31.000000 	-136.000000	57.790719	-152.425436	347.300035	-0.031399	-0.010265	0.001001	0.323495	0.257958	0.474779	-0.175687	-0.027036	-0.005436	0.018215	0.236957	0.228020	0.537089
2021-07-29 06:13:32.000000 	-135.000000	57.790719	-152.425436	347.300035	-0.024152	-0.015445	0.009165	0.299811	0.239079	0.440028	-0.160525	-0.019278	0.002510	0.022977	0.219611	0.211327	0.497777
2021-07-29 06:13:33.000000 	-134.000000	57.790719	-152.425436	347.300035	-0.035062	-0.009630	0.007335	1.601983	1.277515	2.351256	-0.907130	-0.026158	-0.007694	0.025148	1.173463	1.129190	2.659833
2021-07-29 06:13:34.000000 	-133.000000	57.790719	-152.425436	347.300035	-0.025524	-0.023071	0.018071	0.265745	0.211927	0.390047	-0.136164	-0.018547	0.008635	0.033042	0.194662	0.187317	0.441236
2021-07-29 06:13:35.000000 	-132.000000	57.790719	-152.425436	347.300035	-0.017604	-0.010874	0.002046	0.911068	0.726584	1.337245	0.529387	-0.016371	0.001490	0.012732	0.667377	0.642190	1.512743
2021-07-29 06:13:36.000000 	-131.000000	57.790719	-152.425436	347.300035	-0.040575	-0.023646	0.019886	0.297641	0.237378	0.436879	-0.149397	-0.029093	0.002178	0.041831	0.218031	0.209801	0.494215
2021-07-29 06:13:37.000000 	-130.000000	57.790719	-152.425436	347.300035	-0.029454	-0.011671	0.022794	0.327328	0.261063	0.480465	-0.169982	-0.014512	-0.003289	0.036082	0.239781	0.230728	0.543521
2021-07-29 06:13:38.000000 	-129.000000	57.790719	-152.425436	347.300035	-0.036613	-0.031106	0.004771	0.286995	0.228902	0.421272	-0.149093	-0.037100	0.010625	0.029010	0.210237	0.202298	0.476558
2021-07-29 06:13:39.000000 	-128.000000	57.790719	-152.425436	347.300035	-0.029133	-0.007717	0.009318	0.323592	0.258099	0.475000	-0.173528	-0.019905	-0.006645	0.023552	0.237048	0.228096	0.537338
2021-07-29 06:13:40.000000 	-127.000000	57.790719	-152.425436	347.300035	-0.024792	-0.012068	0.006775	0.273749	0.218351	0.401845	-0.146620	-0.019710	-0.000779	0.020423	0.200538	0.192963	0.454582
2021-07-29 06:13:41.000000 	-126.000000	57.790719	-152.425436	347.300035	-0.035377	-0.020581	0.025837	0.362689	0.289301	0.532414	-0.186542	-0.020822	0.001867	0.043653	0.265695	0.255657	0.602286
2021-07-29 06:13:42.000000 	-125.000000	57.790719	-152.425436	347.300035	-0.023217	-0.017582	0.014515	0.312365	0.249168	0.458550	-0.165725	-0.016562	0.004837	0.027589	0.228832	0.220185	0.518728
2021-07-29 06:13:43.000000 	-124.000000	57.790719	-152.425436	347.300035	-0.033269	-0.008086	-0.002850	0.290322	0.231592	0.426199	-0.157624	-0.029638	-0.008232	0.015303	0.212686	0.204648	0.482132
2021-07-29 06:13:44.000000 	-123.000000	57.790719	-152.425436	347.300035	-0.026875	-0.024943	0.005131	0.363230	0.289760	0.533241	-0.196718	-0.027190	0.009670	0.023193	0.266101	0.256042	0.603221
2021-07-29 06:13:45.000000 	-122.000000	57.790719	-152.425436	347.300035	-0.032028	-0.009748	0.023646	1.529715	1.220339	2.245751	-0.860070	-0.015235	-0.006186	0.037545	1.120675	1.078306	2.540472
2021-07-29 06:13:46.000000 	-121.000000	57.790719	-152.425436	347.300035	-0.041762	-0.024512	0.017680	0.918152	0.732484	1.347952	0.546729	-0.031498	0.002396	0.040738	0.672649	0.647214	1.524850
2021-07-29 06:13:47.000000 	-120.000000	57.790719	-152.425436	347.300035	-0.016501	-0.012347	0.008161	0.293141	0.233870	0.430374	-0.159573	-0.012862	0.003306	0.017748	0.214761	0.206639	0.486853
2021-07-29 06:13:48.000000 	-119.000000	57.790719	-152.425436	347.300035	-0.042857	-0.015833	0.015744	0.256575	0.204703	0.376697	-0.127368	-0.029952	-0.005804	0.037476	0.187974	0.180864	0.426132
2021-07-29 06:13:49.000000 	-118.000000	57.790719	-152.425436	347.300035	-0.020660	-0.015827	0.006529	0.424664	0.338821	0.623495	-0.234332	-0.018214	0.004466	0.019191	0.311125	0.299354	0.705318
2021-07-29 06:13:50.000000 	-117.000000	57.790719	-152.425436	347.300035	-0.045634	-0.020265	0.027065	0.287613	0.229481	0.422284	-0.139719	-0.027736	-0.003160	0.049460	0.210719	0.202745	0.477702
2021-07-29 06:13:51.000000 	-116.000000	57.790719	-152.425436	347.300035	-0.032218	-0.014956	0.010815	0.240520	0.191912	0.353148	-0.123380	-0.024256	-0.001657	0.028062	0.176218	0.169549	0.399492
2021-07-29 06:13:52.000000 	-115.000000	57.790719	-152.425436	347.300035	-0.027381	-0.023262	0.001459	0.425645	0.339635	0.624974	-0.234144	-0.028869	0.007945	0.019911	0.311854	0.300050	0.706990
2021-07-29 06:13:53.000000 	-114.000000	57.790719	-152.425436	347.300035	-0.032075	-0.020386	0.028203	0.240707	0.192073	0.353437	-0.116242	-0.017009	0.003223	0.044047	0.176359	0.169682	0.399819
2021-07-29 06:13:54.000000 	-113.000000	57.790719	-152.425436	347.300035	-0.040993	-0.012364	0.007950	0.318388	0.254067	0.467507	-0.167016	-0.031349	-0.008017	0.029145	0.233276	0.224443	0.528858
2021-07-29 06:13:55.000000 	-112.000000	57.790719	-152.425436	347.300035	-0.015016	-0.011174	0.005771	0.278268	0.222060	0.408606	-0.152489	-0.012562	0.002954	0.014735	0.203884	0.196162	0.462228
2021-07-29 06:13:56.000000 	-111.000000	57.790719	-152.425436	347.300035	-0.033592	-0.022330	0.003666	0.330048	0.263389	0.484649	-0.176509	-0.031986	0.004244	0.024483	0.241826	0.232665	0.548249
2021-07-29 06:13:57.000000 	-110.000000	57.790719	-152.425436	347.300035	-0.027261	-0.001434	0.008585	1.464912	1.169082	2.151147	-0.830862	-0.016432	-0.011348	0.020498	1.073350	1.032684	2.433441
2021-07-29 06:13:58.000000 	-109.000000	57.790719	-152.425436	347.300035	-0.031945	-0.034689	0.024047	0.303371	0.242115	0.445494	-0.152229	-0.024728	0.015961	0.043998	0.222285	0.213862	0.503956
2021-07-29 06:13:59.000000 	-108.000000	57.790719	-152.425436	347.300035	-0.034921	-0.008733	0.010580	0.391573	0.312517	0.575028	-0.210438	-0.023972	-0.008424	0.027606	0.286915	0.276041	0.650488
2021-07-29 06:14:00.000000 	-107.000000	57.790719	-152.425436	347.300035	-0.022755	-0.011587	0.002782	0.290701	0.232018	0.426905	-0.158569	-0.020122	-0.000263	0.015964	0.213006	0.204932	0.482927
2021-07-29 06:14:01.000000 	-106.000000	57.790719	-152.425436	347.300035	-0.029372	-0.019903	0.013122	0.268325	0.214165	0.394053	-0.138865	-0.022830	0.004046	0.029891	0.196613	0.189158	0.445763
2021-07-29 06:14:02.000000 	-105.000000	57.790719	-152.425436	347.300035	-0.029641	-0.015536	0.019421	0.372109	0.297011	0.546478	-0.196665	-0.017964	0.000050	0.034270	0.272663	0.262323	0.618191
2021-07-29 06:14:03.000000 	-104.000000	57.790719	-152.425436	347.300035	-0.041654	-0.020460	0.025773	0.334263	0.266811	0.490908	-0.168390	-0.025516	-0.001146	0.046535	0.244934	0.235645	0.555328
2021-07-29 06:14:04.000000 	-103.000000	57.790719	-152.425436	347.300035	-0.026863	-0.018332	0.012755	0.299187	0.238821	0.439404	-0.157727	-0.020528	0.003814	0.028007	0.219235	0.210919	0.497065
2021-07-29 06:14:05.000000 	-102.000000	57.790719	-152.425436	347.300035	-0.023225	-0.006212	0.007545	0.379579	0.303002	0.557483	-0.208304	-0.015831	-0.005245	0.018890	0.278147	0.267594	0.630639
2021-07-29 06:14:07.000000 	-100.000000	57.790719	-152.425436	347.300035	-0.034790	-0.027117	0.023869	0.318998	0.254659	0.468528	-0.161545	-0.023991	0.007932	0.043324	0.233760	0.224888	0.530010
2021-07-29 06:14:08.000000 	-99.000000	57.790719	-152.425436	347.300035	-0.027223	-0.007849	-0.005919	1.481444	1.182688	2.175911	-0.845541	-0.026647	-0.005644	0.009791	1.085609	1.044399	2.461443
2021-07-29 06:14:09.000000 	-98.000000	57.790719	-152.425436	347.300035	-0.031669	-0.020114	0.018718	0.268770	0.214575	0.394771	-0.136295	-0.021653	0.003170	0.035762	0.196959	0.189481	0.446575
2021-07-29 06:14:10.000000 	-97.000000	57.790719	-152.425436	347.300035	-0.028050	-0.019065	0.023495	0.345663	0.275973	0.507723	-0.179928	-0.015981	0.003915	0.037836	0.253310	0.243691	0.574348
2021-07-29 06:14:11.000000 	-96.000000	57.790719	-152.425436	347.300035	-0.030730	-0.013211	0.007581	0.361418	0.288560	0.530874	-0.195014	-0.024181	-0.002514	0.024193	0.264859	0.254799	0.600537
2021-07-29 06:14:12.000000 	-95.000000	57.790719	-152.425436	347.300035	-0.026915	-0.017041	0.005771	0.315203	0.251670	0.463000	-0.169765	-0.023784	0.002646	0.021804	0.230994	0.222219	0.523756
2021-07-29 06:14:13.000000 	-94.000000	57.790719	-152.425436	347.300035	-0.030307	-0.015983	0.012352	0.303610	0.242421	0.445980	-0.159711	-0.022406	0.000139	0.028714	0.222501	0.214047	0.504502
2021-07-29 06:14:14.000000 	-93.000000	57.790719	-152.425436	347.300035	-0.027565	-0.020423	0.019814	0.338411	0.270217	0.497110	-0.177176	-0.018112	0.005343	0.034827	0.248008	0.238583	0.562341
2021-07-29 06:14:15.000000 	-92.000000	57.790719	-152.425436	347.300035	-0.020217	-0.011885	0.005368	0.341825	0.272952	0.502135	-0.187722	-0.016956	0.001177	0.017026	0.250513	0.240992	0.568026
2021-07-29 06:14:16.000000 	-91.000000	57.790719	-152.425436	347.300035	-0.044533	-0.026677	0.021149	0.324481	0.259111	0.476667	-0.162929	-0.032575	0.003033	0.045517	0.237806	0.228765	0.539215
2021-07-29 06:14:17.000000 	-90.000000	57.790719	-152.425436	347.300035	-0.010061	-0.008630	0.010120	0.314625	0.251248	0.462197	-0.173316	-0.005532	0.002992	0.015445	0.230585	0.221818	0.522846
2021-07-29 06:14:18.000000 	-89.000000	57.790719	-152.425436	347.300035	-0.038058	-0.019382	0.003570	0.351220	0.280481	0.515968	-0.187808	-0.034232	-0.000437	0.025783	0.257408	0.247620	0.583672
2021-07-29 06:14:19.000000 	-88.000000	57.790719	-152.425436	347.300035	-0.032299	-0.013525	0.016734	0.323441	0.258305	0.475168	-0.169152	-0.020602	-0.002962	0.032756	0.237052	0.228036	0.537518
2021-07-29 06:14:20.000000 	-87.000000	57.790719	-152.425436	347.300035	-0.032368	-0.020421	0.011258	0.327629	0.261658	0.481330	-0.172885	-0.026274	0.003118	0.029856	0.240125	0.230990	0.544488
2021-07-29 06:14:21.000000 	-86.000000	57.790719	-152.425436	347.300035	-0.036936	-0.005690	0.012203	0.304712	0.243363	0.447670	-0.159447	-0.023426	-0.012054	0.029180	0.223331	0.214834	0.506412
2021-07-29 06:14:22.000000 	-85.000000	57.790719	-152.425436	347.300035	-0.023967	-0.019958	0.008489	0.361983	0.289113	0.531821	-0.196199	-0.021267	0.006597	0.023431	0.265310	0.255214	0.601604
2021-07-29 06:14:23.000000 	-84.000000	57.790719	-152.425436	347.300035	-0.031345	-0.026606	0.015782	0.354906	0.283470	0.521434	-0.186452	-0.025518	0.009074	0.034727	0.260127	0.250226	0.589854
2021-07-29 06:14:24.000000 	-83.000000	57.790719	-152.425436	347.300035	-0.032135	-0.006662	0.006235	0.266202	0.212627	0.391116	-0.140856	-0.023387	-0.008970	0.022102	0.195114	0.187686	0.442436
2021-07-29 06:14:25.000000 	-82.000000	57.790719	-152.425436	347.300035	-0.023545	-0.021752	0.013254	0.385466	0.307898	0.566356	-0.207797	-0.019114	0.008382	0.027706	0.282533	0.271775	0.640670
2021-07-29 06:14:26.000000 	-81.000000	57.790719	-152.425436	347.300035	-0.026081	-0.007570	0.005162	0.269535	0.215303	0.396029	-0.144941	-0.019775	-0.005363	0.018558	0.197562	0.190039	0.447993
2021-07-29 06:14:27.000000 	-80.000000	57.790719	-152.425436	347.300035	-0.031996	-0.022966	0.013116	0.359100	0.286857	0.527638	-0.190151	-0.026001	0.005546	0.031881	0.263215	0.253189	0.596871
2021-07-29 06:14:28.000000 	-79.000000	57.790719	-152.425436	347.300035	-0.023450	-0.010414	-0.001483	0.281295	0.224712	0.413325	-0.154718	-0.022457	-0.001624	0.012394	0.206188	0.198333	0.467558
2021-07-29 06:14:29.000000 	-78.000000	57.790719	-152.425436	347.300035	-0.044107	-0.023921	0.031372	0.363277	0.290212	0.533796	-0.181913	-0.025727	0.000786	0.053286	0.266284	0.256137	0.603836
2021-07-29 06:14:30.000000 	-77.000000	57.790719	-152.425436	347.300035	-0.021377	-0.014785	0.017747	0.342975	0.274002	0.503975	-0.182972	-0.012364	0.003210	0.028764	0.251406	0.241825	0.570101
2021-07-29 06:14:31.000000 	-76.000000	57.790719	-152.425436	347.300035	-0.029274	-0.006973	0.012252	0.316182	0.252605	0.464613	-0.168241	-0.018156	-0.007371	0.025918	0.231769	0.222935	0.525575
2021-07-29 06:14:32.000000 	-75.000000	57.790719	-152.425436	347.300035	-0.026607	-0.011439	0.002108	0.324185	0.259008	0.476383	-0.177061	-0.023312	-0.002177	0.017177	0.237639	0.228579	0.538888
2021-07-29 06:14:33.000000 	-74.000000	57.790719	-152.425436	347.300035	-0.035203	-0.021924	0.005134	0.371426	0.296760	0.545813	-0.199482	-0.032253	0.003138	0.026385	0.272271	0.261890	0.617428
2021-07-29 06:14:34.000000 	-73.000000	57.790719	-152.425436	347.300035	-0.031288	-0.016140	0.011824	0.289657	0.231437	0.425662	-0.151589	-0.023485	-0.000177	0.028769	0.212335	0.204237	0.481512
2021-07-29 06:14:35.000000 	-72.000000	57.790719	-152.425436	347.300035	-0.023386	-0.015750	0.009101	0.308751	0.246701	0.453730	-0.165973	-0.018857	0.003136	0.022635	0.226335	0.217701	0.513263
2021-07-29 06:14:36.000000 	-71.000000	57.790719	-152.425436	347.300035	-0.036140	-0.021476	0.035151	0.313296	0.250341	0.460418	-0.154187	-0.016781	0.002307	0.052115	0.229669	0.220907	0.520827
2021-07-29 06:14:37.000000 	-70.000000	57.790719	-152.425436	347.300035	-0.027087	-0.004338	-0.001791	0.320593	0.256179	0.471150	-0.177025	-0.022969	-0.008694	0.012353	0.235021	0.226054	0.532968
2021-07-29 06:14:38.000000 	-69.000000	57.790719	-152.425436	347.300035	-0.035924	-0.022820	0.018478	0.298207	0.238299	0.438260	-0.151849	-0.026032	0.003599	0.038237	0.218614	0.210270	0.495762
2021-07-29 06:14:39.000000 	-68.000000	57.790719	-152.425436	347.300035	-0.029988	-0.008287	0.007429	0.405530	0.324073	0.596000	-0.221236	-0.021777	-0.006536	0.022499	0.297296	0.285948	0.674198
2021-07-29 06:14:40.000000 	-67.000000	57.790719	-152.425436	347.300035	-0.032647	-0.025902	0.013069	0.325285	0.259954	0.478074	-0.170136	-0.027664	0.007847	0.032874	0.238471	0.229367	0.540799
2021-07-29 06:14:41.000000 	-66.000000	57.790719	-152.425436	347.300035	-0.015428	-0.007522	0.011575	0.331623	0.265028	0.487399	-0.181243	-0.008347	-0.000474	0.018939	0.243121	0.233838	0.551347
2021-07-29 06:14:42.000000 	-65.000000	57.790719	-152.425436	347.300035	-0.042670	-0.017816	0.010446	0.310631	0.248260	0.456554	-0.160575	-0.033413	-0.003960	0.033395	0.227735	0.219037	0.516455
2021-07-29 06:14:43.000000 	-64.000000	57.790719	-152.425436	347.300035	-0.028258	-0.014258	0.017647	0.309135	0.247072	0.454364	-0.161688	-0.017372	-0.000442	0.031800	0.226641	0.217984	0.513978
2021-07-29 06:14:44.000000 	-63.000000	57.790719	-152.425436	347.300035	-0.028966	-0.016853	0.015321	0.332614	0.265846	0.488883	-0.175636	-0.020159	0.001530	0.030807	0.243858	0.234541	0.553025
2021-07-29 06:14:45.000000 	-62.000000	57.790719	-152.425436	347.300035	-0.040368	-0.016061	0.016134	0.321710	0.257140	0.472866	-0.165755	-0.027967	-0.004450	0.036686	0.235867	0.226854	0.534906
2021-07-29 06:14:46.000000 	-61.000000	57.790719	-152.425436	347.300035	-0.027278	-0.019355	0.003576	0.325368	0.260072	0.478252	-0.176142	-0.026133	0.004529	0.020690	0.238553	0.229435	0.540998
2021-07-29 06:14:47.000000 	-60.000000	57.790719	-152.425436	347.300035	-0.023674	-0.016202	0.024638	0.320438	0.256140	0.471014	-0.166540	-0.010968	0.003403	0.036029	0.234941	0.225960	0.532811
2021-07-29 06:14:48.000000 	-59.000000	57.790719	-152.425436	347.300035	-0.030127	-0.012891	-0.007735	0.341231	0.272770	0.501588	-0.189402	-0.031767	-0.002519	0.010870	0.250190	0.240625	0.567395
2021-07-29 06:14:49.000000 	-58.000000	57.790719	-152.425436	347.300035	-0.042618	-0.013079	0.028265	0.329541	0.263434	0.484414	-0.165258	-0.022020	-0.008134	0.047278	0.241623	0.232383	0.547967
2021-07-29 06:14:50.000000 	-57.000000	57.790719	-152.425436	347.300035	-0.023506	-0.010307	0.006163	0.332476	0.265788	0.488737	-0.181338	-0.018381	-0.001745	0.018863	0.243778	0.234454	0.552857
2021-07-29 06:14:51.000000 	-56.000000	57.790719	-152.425436	347.300035	-0.039160	-0.019695	0.027808	0.306523	0.245049	0.450595	-0.152494	-0.022262	-0.000669	0.046889	0.224752	0.216154	0.509711
2021-07-29 06:14:52.000000 	-55.000000	57.790719	-152.425436	347.300035	-0.031555	-0.012880	0.008569	0.294685	0.235593	0.433201	-0.156026	-0.024143	-0.003190	0.025337	0.216075	0.207808	0.490035
2021-07-29 06:14:53.000000 	-54.000000	57.790719	-152.425436	347.300035	-0.019071	-0.019627	0.000304	0.348073	0.278284	0.511694	-0.192779	-0.021828	0.008569	0.014111	0.255225	0.245458	0.578825
2021-07-29 06:14:54.000000 	-53.000000	57.790719	-152.425436	347.300035	-0.035009	-0.009206	0.021295	0.865691	0.692143	1.272656	0.515416	-0.018512	-0.008045	0.036830	0.634779	0.610483	1.439619
2021-07-29 06:14:55.000000 	-52.000000	57.790719	-152.425436	347.300035	-0.025707	-0.019427	0.013933	0.336710	0.269218	0.495009	-0.179187	-0.019462	0.005320	0.028728	0.246901	0.237449	0.559950
2021-07-29 06:14:56.000000 	-51.000000	57.790719	-152.425436	347.300035	-0.025330	-0.019380	0.008161	0.325461	0.260232	0.478480	-0.175034	-0.022238	0.005454	0.023654	0.238656	0.229518	0.541252
2021-07-29 06:14:57.000000 	-50.000000	57.790719	-152.425436	347.300035	-0.039618	-0.013322	0.013709	1.503145	1.201924	2.209905	-0.846951	-0.027624	-0.006531	0.033605	1.102249	1.060037	2.499823
2021-07-29 06:14:58.000000 	-49.000000	57.790719	-152.425436	347.300035	-0.031035	-0.017232	0.012542	0.375612	0.300352	0.552230	-0.200878	-0.023340	0.000908	0.029527	0.275438	0.264888	0.624677
2021-07-29 06:14:59.000000 	-48.000000	57.790719	-152.425436	347.300035	-0.030491	-0.015223	0.016170	0.294797	0.235738	0.433424	-0.153273	-0.020212	-0.000621	0.031844	0.216180	0.207898	0.490284
2021-07-29 06:15:00.000000 	-47.000000	57.790719	-152.425436	347.300035	-0.039313	-0.021311	0.019276	0.326245	0.260894	0.479670	-0.166953	-0.027557	0.000692	0.040142	0.239245	0.230078	0.542596
2021-07-29 06:15:01.000000 	-46.000000	57.790719	-152.425436	347.300035	-0.030367	-0.010025	0.007320	0.310322	0.248169	0.456267	-0.166185	-0.022800	-0.005171	0.023015	0.227571	0.218850	0.516123
2021-07-29 06:15:02.000000 	-45.000000	57.790719	-152.425436	347.300035	-0.022859	-0.007760	0.000768	0.363774	0.290925	0.534867	-0.201886	-0.019774	-0.003703	0.013365	0.266774	0.256548	0.605034
2021-07-29 06:15:03.000000 	-44.000000	57.790719	-152.425436	347.300035	-0.018294	-0.021500	0.014225	0.286976	0.229514	0.421957	-0.152226	-0.014560	0.010590	0.025984	0.210457	0.202389	0.477311
2021-07-29 06:15:04.000000 	-43.000000	57.790719	-152.425436	347.300035	-0.035664	-0.020365	0.019867	0.249200	0.199308	0.366420	-0.123392	-0.024135	0.001543	0.038685	0.182756	0.175749	0.414488
2021-07-29 06:15:05.000000 	-42.000000	57.790719	-152.425436	347.300035	-0.022253	-0.020505	0.013917	0.398853	0.319010	0.586477	-0.215835	-0.017303	0.007875	0.027349	0.292512	0.281293	0.663413
2021-07-29 06:15:06.000000 	-41.000000	57.790719	-152.425436	347.300035	-0.045172	-0.010564	0.015615	0.345940	0.276699	0.508683	-0.179066	-0.029693	-0.011546	0.037161	0.253710	0.243978	0.575414
2021-07-29 06:15:07.000000 	-40.000000	57.790719	-152.425436	347.300035	-0.016206	-0.014505	0.011151	0.305974	0.244740	0.449924	-0.165766	-0.011892	0.005356	0.020670	0.224403	0.215794	0.508946
2021-07-29 06:15:08.000000 	-39.000000	57.790719	-152.425436	347.300035	-0.041967	-0.019850	0.019810	0.272956	0.218337	0.401379	-0.135290	-0.028691	-0.001831	0.041487	0.200190	0.192508	0.454033
2021-07-29 06:15:09.000000 	-38.000000	57.790719	-152.425436	347.300035	-0.024011	-0.015563	0.003419	0.399043	0.319205	0.586801	-0.220067	-0.022281	0.002680	0.018077	0.292670	0.281437	0.663778
2021-07-29 06:15:10.000000 	-37.000000	57.790719	-152.425436	347.300035	-0.022734	-0.007877	0.000541	0.310072	0.248043	0.455976	-0.171084	-0.019848	-0.003541	0.013142	0.227419	0.218689	0.515790
2021-07-29 06:15:11.000000 	-36.000000	57.790719	-152.425436	347.300035	-0.030583	-0.014858	0.032453	0.264228	0.211377	0.388568	-0.129308	-0.011459	-0.000986	0.045574	0.193798	0.186358	0.439539
2021-07-29 06:15:12.000000 	-35.000000	57.790719	-152.425436	347.300035	-0.034537	-0.022298	0.002265	0.349906	0.279927	0.514572	-0.188367	-0.033429	0.003777	0.023736	0.256643	0.246787	0.582072
2021-07-29 06:15:13.000000 	-34.000000	57.790719	-152.425436	347.300035	-0.034200	-0.011719	0.029814	0.283774	0.227029	0.417327	-0.140908	-0.014348	-0.005444	0.044275	0.208141	0.200147	0.472070
2021-07-29 06:15:14.000000 	-33.000000	57.790719	-152.425436	347.300035	-0.026413	-0.015515	-0.004936	0.364791	0.291855	0.536483	-0.202826	-0.028517	0.001526	0.012131	0.267569	0.257290	0.606856
2021-07-29 06:15:15.000000 	-32.000000	57.790719	-152.425436	347.300035	-0.043590	-0.023287	0.028999	0.284702	0.227786	0.418706	-0.137713	-0.026356	0.000464	0.050876	0.208828	0.200804	0.473630
2021-07-29 06:15:16.000000 	-31.000000	57.790719	-152.425436	347.300035	-0.028883	-0.018221	0.012792	0.353199	0.282599	0.519454	-0.188414	-0.021980	0.002782	0.028966	0.259074	0.249118	0.587592
2021-07-29 06:15:17.000000 	-30.000000	57.790719	-152.425436	347.300035	-0.021807	-0.010237	0.000654	0.337172	0.269785	0.495892	-0.186695	-0.020016	-0.001020	0.013382	0.247322	0.237816	0.560939
2021-07-29 06:15:18.000000 	-29.000000	57.790719	-152.425436	347.300035	-0.029923	-0.010964	0.029039	0.325995	0.260851	0.479463	-0.166868	-0.011258	-0.004133	0.041413	0.239128	0.229935	0.542354
2021-07-29 06:15:19.000000 	-28.000000	57.790719	-152.425436	347.300035	-0.037527	-0.019154	0.012848	0.307371	0.245956	0.452078	-0.159302	-0.028799	-0.000393	0.033327	0.225469	0.216800	0.511378
2021-07-29 06:15:20.000000 	-27.000000	57.790719	-152.425436	347.300035	-0.028253	-0.014156	0.004912	0.326337	0.261142	0.479983	-0.176568	-0.024116	-0.000530	0.020998	0.239386	0.230180	0.542942
2021-07-29 06:15:21.000000 	-26.000000	57.790719	-152.425436	347.300035	-0.030108	-0.014238	0.016041	0.318343	0.254754	0.468234	-0.167162	-0.019607	-0.001316	0.031310	0.233526	0.224543	0.529652
2021-07-29 06:15:22.000000 	-25.000000	57.790719	-152.425436	347.300035	-0.019025	-0.015306	0.012122	0.779608	0.623901	1.146705	0.459075	-0.013802	0.004760	0.023022	0.571903	0.549901	1.297116
2021-07-29 06:15:23.000000 	-24.000000	57.790719	-152.425436	347.300035	-0.048086	-0.022599	0.015248	0.293510	0.234897	0.431724	-0.146678	-0.036788	-0.002227	0.041197	0.215316	0.207031	0.488352
2021-07-29 06:15:24.000000 	-23.000000	57.790719	-152.425436	347.300035	-0.026125	-0.017625	0.007257	0.360907	0.288844	0.530868	-0.195847	-0.022629	0.003529	0.022832	0.264762	0.254572	0.600499
2021-07-29 06:15:25.000000 	-22.000000	57.790719	-152.425436	347.300035	-0.021465	-0.006972	0.010275	0.356340	0.285199	0.524160	-0.194467	-0.013353	-0.003756	0.020555	0.261416	0.251353	0.592911
2021-07-29 06:15:26.000000 	-21.000000	57.790719	-152.425436	347.300035	-0.043986	-0.023780	0.023130	1.414884	1.132450	2.081269	-0.790637	-0.029974	0.000718	0.046220	1.037995	0.998032	2.354256
2021-07-29 06:15:27.000000 	-20.000000	57.790719	-152.425436	347.300035	-0.032349	-0.013779	0.017781	0.333628	0.267039	0.490770	-0.174716	-0.020181	-0.002761	0.033729	0.244762	0.235337	0.555140
2021-07-29 06:15:28.000000 	-19.000000	57.790719	-152.425436	347.300035	-0.024144	-0.008848	0.016495	0.322076	0.257802	0.473786	-0.171396	-0.012782	-0.003334	0.027547	0.236291	0.227190	0.535929
2021-07-29 06:15:29.000000 	-18.000000	57.790719	-152.425436	347.300035	-0.038635	-0.020883	0.012464	0.315534	0.252574	0.464171	-0.163654	-0.030512	0.000627	0.033952	0.231495	0.222578	0.525052
2021-07-29 06:15:30.000000 	-17.000000	57.790719	-152.425436	347.300035	-0.020338	-0.012668	0.001859	0.349055	0.279416	0.513491	-0.193269	-0.019224	0.001814	0.014308	0.256092	0.246225	0.580840
2021-07-29 06:15:31.000000 	-16.000000	57.790719	-152.425436	347.300035	-0.049695	-0.020726	0.038655	0.346630	0.277484	0.509934	-0.168289	-0.024785	-0.004632	0.061299	0.254318	0.244517	0.576816
2021-07-29 06:15:32.000000 	-15.000000	57.790719	-152.425436	347.300035	-0.024767	-0.017752	0.017628	0.252936	0.202487	0.372105	-0.129988	-0.016132	0.004271	0.030997	0.185579	0.178426	0.420909
2021-07-29 06:15:33.000000 	-14.000000	57.790719	-152.425436	347.300035	-0.035009	-0.011166	0.014706	0.365050	0.292250	0.537051	-0.193519	-0.022792	-0.006308	0.031739	0.267841	0.257516	0.607489
2021-07-29 06:15:34.000000 	-13.000000	57.790719	-152.425436	347.300035	-0.032180	-0.014793	0.006938	0.337992	0.270597	0.497253	-0.181335	-0.026231	-0.001783	0.024725	0.247992	0.238430	0.562470
2021-07-29 06:15:35.000000 	-12.000000	57.790719	-152.425436	347.300035	-0.015591	-0.019851	-0.001707	0.360905	0.288951	0.530971	-0.201968	-0.020378	0.010379	0.010820	0.264808	0.254596	0.600611
2021-07-29 06:15:36.000000 	-11.000000	57.790719	-152.425436	347.300035	-0.038407	-0.011318	0.016471	0.242230	0.193943	0.356380	-0.120829	-0.024459	-0.007746	0.034875	0.177735	0.170879	0.403120
2021-07-29 06:15:37.000000 	-10.000000	57.790719	-152.425436	347.300035	-0.040638	-0.022837	0.033796	0.357732	0.286430	0.526322	-0.179059	-0.021409	0.001432	0.053429	0.262489	0.252362	0.595351
2021-07-29 06:15:38.000000 	-9.000000	57.790719	-152.425436	347.300035	-0.025069	-0.020443	0.006093	0.280158	0.224326	0.412197	-0.149712	-0.023561	0.006516	0.022044	0.205572	0.197640	0.466257
2021-07-29 06:15:39.000000 	-8.000000	57.790719	-152.425436	347.300035	-0.035821	-0.009998	0.012751	0.357463	0.286234	0.525945	-0.189780	-0.023985	-0.007719	0.030180	0.262300	0.252177	0.594923
2021-07-29 06:15:40.000000 	-7.000000	57.790719	-152.425436	347.300035	-0.019693	-0.004722	-0.014325	0.318563	0.255094	0.468719	-0.182817	-0.024254	-0.004930	-0.001651	0.233760	0.224737	0.530191
2021-07-29 06:15:41.000000 	-6.000000	57.790719	-152.425436	347.300035	-0.040648	-0.017044	0.034305	0.319088	0.255524	0.469500	-0.157170	-0.018877	-0.003708	0.052436	0.234149	0.225110	0.531074
2021-07-29 06:15:42.000000 	-5.000000	57.790719	-152.425436	347.300035	-0.039232	-0.014581	0.024916	0.315039	0.252290	0.463551	-0.159159	-0.021855	-0.005236	0.043215	0.231182	0.222255	0.524344
2021-07-29 06:15:43.000000 	-4.000000	57.790719	-152.425436	347.300035	-0.020586	-0.017420	-0.002215	0.337936	0.270636	0.497251	-0.187844	-0.023443	0.005912	0.012151	0.247989	0.238411	0.562463
2021-07-29 06:15:44.000000 	-3.000000	57.790719	-152.425436	347.300035	-0.041400	-0.011842	0.037649	0.284305	0.227693	0.418344	-0.136043	-0.015621	-0.008668	0.054337	0.208636	0.200577	0.473207
2021-07-29 06:15:45.000000 	-2.000000	57.790719	-152.425436	347.300035	-0.029386	-0.022944	0.012759	0.334403	0.267825	0.492069	-0.176967	-0.024225	0.006734	0.030340	0.245404	0.235923	0.556601
2021-07-29 06:15:46.000000 	-1.000000	57.790719	-152.425436	347.300035	-0.027541	-0.018813	0.017774	0.260520	0.208659	0.383359	-0.133415	-0.018550	0.003927	0.032692	0.191188	0.183800	0.433633
2021-07-29 06:15:47.000000 	0.000000	57.790719	-152.425436	347.300035	-0.040182	-0.005393	0.004708	0.338906	0.271449	0.498713	-0.181221	-0.029739	-0.013820	0.024298	0.248717	0.239104	0.564115
2021-07-29 06:15:48.000000 	1.000000	57.790719	-152.425436	347.300035	-0.021908	-0.019077	0.014696	0.329757	0.264131	0.485259	-0.176102	-0.016070	0.006769	0.027492	0.242007	0.232652	0.548895
2021-07-29 06:15:49.000000 	2.000000	57.790719	-152.425436	347.300035	-0.039276	-0.012954	0.022261	0.295951	0.237061	0.435518	-0.149316	-0.022665	-0.006699	0.040588	0.217201	0.208803	0.492632
2021-07-29 06:15:50.000000 	3.000000	57.790719	-152.425436	347.300035	-0.024246	-0.019446	0.005105	0.345432	0.276705	0.508343	-0.188138	-0.023080	0.006014	0.020573	0.253520	0.243716	0.575006
2021-07-29 06:15:51.000000 	4.000000	57.790719	-152.425436	347.300035	-0.030580	-0.017900	0.006072	0.291908	0.233839	0.429585	-0.155218	-0.026709	0.001711	0.024002	0.214241	0.205955	0.485919
2021-07-29 06:15:52.000000 	5.000000	57.790719	-152.425436	347.300035	-0.034333	-0.014429	0.019029	0.287827	0.230577	0.423585	-0.147208	-0.021258	-0.003103	0.035882	0.211249	0.203077	0.479132
2021-07-29 06:15:53.000000 	6.000000	57.790719	-152.425436	347.300035	-0.023179	-0.015131	0.022888	0.318101	0.254839	0.468148	-0.166282	-0.011111	0.002683	0.034050	0.233473	0.224439	0.529538
2021-07-29 06:15:55.000000 	8.000000	57.790719	-152.425436	347.300035	-0.023198	-0.017987	-0.017680	0.334603	0.268077	0.492451	-0.190867	-0.033867	0.005205	0.000439	0.245594	0.236087	0.557027
2021-07-29 06:15:56.000000 	9.000000	57.790719	-152.425436	347.300035	-0.033938	-0.014721	0.050660	0.334167	0.267737	0.491817	-0.161497	-0.004216	-0.002661	0.062530	0.245278	0.235782	0.556310
2021-07-29 06:15:57.000000 	10.000000	57.790719	-152.425436	347.300035	-0.026970	-0.015495	0.003294	0.241412	0.193428	0.355309	-0.128435	-0.024541	0.001250	0.019353	0.177199	0.170337	0.401901
2021-07-29 06:15:58.000000 	11.000000	57.790719	-152.425436	347.300035	-0.045411	-0.011198	0.011039	0.373633	0.299378	0.549921	-0.196799	-0.032560	-0.011095	0.033558	0.274255	0.263634	0.622031
2021-07-29 06:15:59.000000 	12.000000	57.790719	-152.425436	347.300035	-0.017703	-0.009036	0.000870	0.263766	0.211353	0.388223	-0.145703	-0.016352	-0.000185	0.011330	0.193614	0.186114	0.439130
2021-07-29 06:16:00.000000 	13.000000	57.790719	-152.425436	347.300035	-0.037056	-0.021951	0.023853	0.326447	0.261588	0.480488	-0.166051	-0.023675	0.002304	0.043106	0.239628	0.230344	0.543493
2021-07-29 06:16:01.000000 	14.000000	57.790719	-152.425436	347.300035	-0.031848	-0.014403	0.025087	0.318256	0.255033	0.468441	-0.163177	-0.016155	-0.001975	0.039827	0.233620	0.224567	0.529865
2021-07-29 06:16:02.000000 	15.000000	57.790719	-152.425436	347.300035	-0.032481	-0.019651	0.015031	0.330062	0.264503	0.485826	-0.173129	-0.024045	0.002384	0.032912	0.242291	0.232900	0.549530
2021-07-29 06:16:03.000000 	16.000000	57.790719	-152.425436	347.300035	-0.032908	-0.018216	0.010831	0.268638	0.215287	0.395422	-0.139262	-0.026042	0.000914	0.029207	0.197205	0.189560	0.447271
2021-07-29 06:16:04.000000 	17.000000	57.790719	-152.425436	347.300035	-0.029279	-0.015044	0.017754	0.314398	0.251968	0.462786	-0.164481	-0.018388	-0.000218	0.032567	0.230800	0.221851	0.523467
2021-07-29 06:16:05.000000 	18.000000	57.790719	-152.425436	347.300035	-0.023619	-0.013254	0.011655	0.332986	0.266874	0.490156	-0.179355	-0.016693	0.000816	0.024291	0.244450	0.234970	0.554425
2021-07-29 06:16:06.000000 	19.000000	57.790719	-152.425436	347.300035	-0.042798	-0.009125	0.014575	0.311584	0.249730	0.458660	-0.160600	-0.027904	-0.011723	0.034804	0.228743	0.219871	0.518799
2021-07-29 06:16:07.000000 	20.000000	57.790719	-152.425436	347.300035	-0.026773	-0.033087	0.021547	0.288067	0.230890	0.424049	-0.146268	-0.021554	0.016935	0.039044	0.211482	0.203278	0.479650
2021-07-29 06:16:08.000000 	21.000000	57.790719	-152.425436	347.300035	-0.032770	-0.001228	0.007803	0.675432	0.541387	0.994288	0.399696	-0.020899	-0.014081	0.022388	0.495873	0.476631	1.124656
2021-07-29 06:16:09.000000 	22.000000	57.790719	-152.425436	347.300035	-0.015310	-0.016915	-0.000374	0.371542	0.297817	0.546948	-0.208102	-0.018307	0.007907	0.011090	0.272775	0.262189	0.618661
2021-07-29 06:16:10.000000 	23.000000	57.790719	-152.425436	347.300035	-0.043134	-0.020930	0.024076	0.276818	0.221897	0.407511	-0.135553	-0.027715	-0.001414	0.045915	0.203235	0.195346	0.460942
2021-07-29 06:16:11.000000 	24.000000	57.790719	-152.425436	347.300035	-0.023464	-0.012313	-0.001074	0.329405	0.264059	0.484934	-0.182314	-0.022993	0.000052	0.013215	0.241848	0.232458	0.548515
2021-07-29 06:16:12.000000 	25.000000	57.790719	-152.425436	347.300035	-0.046909	-0.019000	0.037923	0.273077	0.218913	0.402018	-0.127103	-0.022410	-0.004872	0.058938	0.200496	0.192710	0.454727
2021-07-29 06:16:13.000000 	26.000000	57.790719	-152.425436	347.300035	-0.023811	-0.015745	0.000053	0.367975	0.294999	0.541734	-0.203664	-0.023997	0.002934	0.015180	0.270176	0.259683	0.612761
2021-07-29 06:16:14.000000 	27.000000	57.790719	-152.425436	347.300035	-0.026721	-0.009852	0.019421	0.328924	0.263702	0.484251	-0.173490	-0.013548	-0.003636	0.031488	0.241508	0.232127	0.547741
2021-07-29 06:16:15.000000 	28.000000	57.790719	-152.425436	347.300035	-0.041624	-0.021199	0.018528	1.147251	0.919795	1.689043	-0.639826	-0.029645	-0.000477	0.040573	0.842369	0.809640	1.910490
2021-07-29 06:16:16.000000 	29.000000	57.790719	-152.425436	347.300035	-0.036050	-0.019320	0.030862	0.302410	0.242462	0.445232	-0.150072	-0.018155	0.000438	0.047912	0.222049	0.213420	0.503604
2021-07-29 06:16:17.000000 	30.000000	57.790719	-152.425436	347.300035	-0.026191	-0.010910	-0.010787	0.387430	0.310639	0.570414	-0.218804	-0.029666	-0.002453	0.005940	0.284481	0.273424	0.645198
2021-07-29 06:16:18.000000 	31.000000	57.790719	-152.425436	347.300035	-0.034921	-0.022993	0.035022	0.260389	0.208786	0.383378	-0.124044	-0.016529	0.004216	0.051805	0.191201	0.183768	0.433640
2021-07-29 06:16:19.000000 	32.000000	57.790719	-152.425436	347.300035	-0.028465	-0.017005	0.003709	0.302521	0.242577	0.445417	-0.163036	-0.026032	0.001897	0.020783	0.222143	0.213505	0.503813
2021-07-29 06:16:20.000000 	33.000000	57.790719	-152.425436	347.300035	-0.040169	-0.017692	0.027870	0.321858	0.258092	0.473897	-0.161453	-0.022201	-0.002912	0.046925	0.236347	0.227155	0.536025
2021-07-29 06:16:21.000000 	34.000000	57.790719	-152.425436	347.300035	-0.017781	-0.005666	0.003853	0.316999	0.254204	0.466749	-0.175598	-0.013501	-0.003208	0.013059	0.232782	0.223728	0.527940
2021-07-29 06:16:22.000000 	35.000000	57.790719	-152.425436	347.300035	-0.044893	-0.022672	0.031167	0.318394	0.255332	0.468812	-0.156222	-0.025937	-0.000684	0.053175	0.233812	0.224715	0.530273
2021-07-29 06:16:23.000000 	36.000000	57.790719	-152.425436	347.300035	-0.026276	-0.006387	-0.001002	0.398318	0.319437	0.586504	-0.221843	-0.022743	-0.006501	0.013143	0.292509	0.281127	0.663394
2021-07-29 06:16:24.000000 	37.000000	57.790719	-152.425436	347.300035	-0.029587	-0.015118	0.024161	0.274824	0.220407	0.404672	-0.139104	-0.015234	-0.000295	0.038152	0.201824	0.193969	0.457723
2021-07-29 06:16:25.000000 	38.000000	57.790719	-152.425436	347.300035	-0.032818	-0.021673	0.018795	0.336937	0.270231	0.496140	-0.175390	-0.023084	0.004019	0.036756	0.247443	0.237810	0.561181
2021-07-29 06:16:26.000000 	39.000000	57.790719	-152.425436	347.300035	-0.038338	-0.015824	0.009444	0.279751	0.224374	0.411940	-0.144859	-0.029917	-0.003721	0.030009	0.205450	0.197451	0.465943
2021-07-29 06:16:27.000000 	40.000000	57.790719	-152.425436	347.300035	-0.021943	-0.019583	0.004650	0.290208	0.232769	0.427345	-0.157177	-0.021648	0.007201	0.019134	0.213133	0.204833	0.483367
2021-07-29 06:16:28.000000 	41.000000	57.790719	-152.425436	347.300035	-0.029447	-0.009542	0.013143	0.355396	0.285065	0.523347	-0.190483	-0.018817	-0.005172	0.027387	0.261013	0.250847	0.591953
2021-07-29 06:16:29.000000 	42.000000	57.790719	-152.425436	347.300035	-0.035581	-0.016807	0.008777	0.271789	0.218012	0.400237	-0.141254	-0.028590	-0.001573	0.028384	0.199614	0.191838	0.452704
2021-07-29 06:16:30.000000 	43.000000	57.790719	-152.425436	347.300035	-0.033779	-0.003617	0.026915	0.363107	0.291271	0.534720	-0.188857	-0.012405	-0.012430	0.039625	0.266687	0.256296	0.604815
2021-07-29 06:16:31.000000 	44.000000	57.790719	-152.425436	347.300035	-0.024398	-0.021810	0.008929	0.240305	0.192771	0.353884	-0.125733	-0.022081	0.008038	0.024463	0.176497	0.169619	0.400274
2021-07-29 06:16:32.000000 	45.000000	57.790719	-152.425436	347.300035	-0.037137	-0.010310	0.019849	0.397895	0.319200	0.585970	-0.210123	-0.021311	-0.008052	0.036885	0.292249	0.280858	0.662782
2021-07-29 06:16:33.000000 	46.000000	57.790719	-152.425436	347.300035	-0.038354	-0.022469	0.026794	0.325151	0.260852	0.478849	-0.163819	-0.023285	0.002163	0.046336	0.238824	0.229513	0.541619
2021-07-29 06:16:34.000000 	47.000000	57.790719	-152.425436	347.300035	-0.029644	-0.011579	0.016563	0.309038	0.247934	0.455127	-0.162181	-0.017940	-0.003459	0.030877	0.226993	0.218142	0.514786
2021-07-29 06:16:35.000000 	48.000000	57.790719	-152.425436	347.300035	-0.024675	-0.018313	0.005320	0.328167	0.263290	0.483306	-0.178231	-0.022843	0.004811	0.020678	0.241048	0.231647	0.546659
2021-07-29 06:16:36.000000 	49.000000	57.790719	-152.425436	347.300035	-0.043383	-0.019592	0.039115	0.282873	0.226959	0.416606	-0.133387	-0.019361	-0.002716	0.058427	0.207782	0.199677	0.471215
2021-07-29 06:16:37.000000 	50.000000	57.790719	-152.425436	347.300035	-0.015520	-0.005316	0.011472	0.335069	0.268847	0.493487	-0.183737	-0.007608	-0.002472	0.018351	0.246128	0.236525	0.558173
2021-07-29 06:16:38.000000 	51.000000	57.790719	-152.425436	347.300035	-0.028455	-0.020765	0.006588	0.312950	0.251109	0.460919	-0.167593	-0.025963	0.005234	0.024142	0.229885	0.220914	0.521335
2021-07-29 06:16:39.000000 	52.000000	57.790719	-152.425436	347.300035	-0.042741	-0.018249	0.027302	0.382494	0.306922	0.563354	-0.195952	-0.024651	-0.003609	0.047797	0.280976	0.270009	0.637196
2021-07-29 06:16:40.000000 	53.000000	57.790719	-152.425436	347.300035	-0.038109	-0.015005	0.013876	0.274763	0.220484	0.404690	-0.140508	-0.027063	-0.004340	0.033448	0.201842	0.193962	0.457734
2021-07-29 06:16:41.000000 	54.000000	57.790719	-152.425436	347.300035	-0.020255	-0.021248	0.009827	0.354541	0.284512	0.522201	-0.192627	-0.018275	0.009459	0.023127	0.260452	0.250283	0.590647
2021-07-29 06:16:42.000000 	55.000000	57.790719	-152.425436	347.300035	-0.046866	-0.007791	0.034632	0.233083	0.187051	0.343311	-0.106284	-0.019742	-0.014789	0.053368	0.171230	0.164543	0.388309
2021-07-29 06:16:43.000000 	56.000000	57.790719	-152.425436	347.300035	-0.027741	-0.023570	0.009538	0.397126	0.318708	0.584942	-0.214965	-0.024953	0.008051	0.026992	0.291747	0.280351	0.661610
2021-07-29 06:16:44.000000 	57.000000	57.790719	-152.425436	347.300035	-0.025319	-0.004846	-0.001938	0.342986	0.275268	0.505205	-0.190776	-0.021920	-0.007425	0.011518	0.251978	0.242134	0.571422
2021-07-29 06:16:45.000000 	58.000000	57.790719	-152.425436	347.300035	-0.035883	-0.022810	0.017747	0.274257	0.220117	0.403978	-0.138555	-0.026386	0.003609	0.037597	0.201490	0.193617	0.456926
2021-07-29 06:16:46.000000 	59.000000	57.790719	-152.425436	347.300035	-0.024312	-0.008589	0.020245	0.326982	0.262443	0.481648	-0.172936	-0.010807	-0.003640	0.030735	0.240230	0.230842	0.544775
2021-07-29 06:16:47.000000 	60.000000	57.790719	-152.425436	347.300035	-0.048593	-0.019728	0.023703	0.324874	0.260760	0.478550	-0.162087	-0.031537	-0.005007	0.047882	0.238686	0.229356	0.541271
2021-07-29 06:16:48.000000 	61.000000	57.790719	-152.425436	347.300035	-0.017022	-0.010155	0.003032	0.311238	0.249825	0.458472	-0.172432	-0.015127	0.001122	0.013113	0.228673	0.219732	0.518560
2021-07-29 06:16:49.000000 	62.000000	57.790719	-152.425436	347.300035	-0.040405	-0.020292	0.045853	0.346887	0.278450	0.510994	-0.168585	-0.013811	-0.000716	0.062893	0.254870	0.244903	0.577965
2021-07-29 06:16:50.000000 	63.000000	57.790719	-152.425436	347.300035	-0.016924	-0.003704	-0.005094	0.346008	0.277754	0.509707	-0.196253	-0.016859	-0.004551	0.004600	0.254229	0.244285	0.576508
2021-07-29 06:16:51.000000 	64.000000	57.790719	-152.425436	347.300035	-0.040301	-0.029294	0.024905	0.304841	0.244716	0.449070	-0.151433	-0.028424	0.007311	0.047341	0.223986	0.215224	0.507924
2021-07-29 06:16:52.000000 	65.000000	57.790719	-152.425436	347.300035	-0.042175	-0.016367	0.021655	0.312489	0.250865	0.460344	-0.158046	-0.026499	-0.005015	0.042287	0.229610	0.220626	0.520675
2021-07-29 06:16:53.000000 	66.000000	57.790719	-152.425436	347.300035	-0.020789	-0.009963	0.005468	0.314753	0.252692	0.463688	-0.172503	-0.016580	-0.000792	0.016907	0.231279	0.222228	0.524456
2021-07-29 06:16:54.000000 	67.000000	57.790719	-152.425436	347.300035	-0.036675	-0.014646	-0.000544	0.320090	0.256985	0.471557	-0.172649	-0.033533	-0.003994	0.020481	0.235205	0.225998	0.533356
2021-07-29 06:16:55.000000 	68.000000	57.790719	-152.425436	347.300035	-0.035571	-0.014775	0.039007	0.311459	0.250065	0.458849	-0.152801	-0.011673	-0.003369	0.053456	0.228867	0.219907	0.518981
2021-07-29 06:16:56.000000 	69.000000	57.790719	-152.425436	347.300035	-0.024548	-0.021811	0.007511	0.341986	0.274585	0.503830	-0.185063	-0.022950	0.007970	0.023335	0.251305	0.241464	0.569857
2021-07-29 06:16:57.000000 	70.000000	57.790719	-152.425436	347.300035	-0.034723	-0.012397	0.024002	0.222843	0.178930	0.328308	-0.107929	-0.018104	-0.005085	0.039773	0.163757	0.157344	0.371333
2021-07-29 06:16:58.000000 	71.000000	57.790719	-152.425436	347.300035	-0.033539	-0.017500	0.007315	0.323038	0.259390	0.475930	-0.172086	-0.028109	-0.000014	0.026354	0.237391	0.228091	0.538300
2021-07-29 06:16:59.000000 	72.000000	57.790719	-152.425436	347.300035	-0.029474	-0.009748	0.015959	0.295187	0.237035	0.434905	-0.154719	-0.017417	-0.005003	0.029833	0.216929	0.208429	0.491897
2021-07-29 06:17:00.000000 	73.000000	57.790719	-152.425436	347.300035	-0.038567	-0.021842	0.015809	0.296305	0.237941	0.436559	-0.151405	-0.029054	0.001508	0.036987	0.217754	0.209221	0.493767
2021-07-29 06:17:01.000000 	74.000000	57.790719	-152.425436	347.300035	-0.019672	-0.008016	0.011903	0.329327	0.264468	0.485218	-0.178943	-0.011549	-0.002000	0.021343	0.242027	0.232541	0.548803
2021-07-29 06:17:02.000000 	75.000000	57.790719	-152.425436	347.300035	-0.029839	-0.015208	0.019683	0.287219	0.230662	0.423185	-0.148021	-0.017844	-0.000333	0.034504	0.211086	0.202811	0.478640
2021-07-29 06:17:03.000000 	76.000000	57.790719	-152.425436	347.300035	-0.033300	-0.023805	-0.001621	0.338612	0.271945	0.498914	-0.183773	-0.035163	0.005686	0.020235	0.248861	0.239103	0.564292
2021-07-29 06:17:04.000000 	77.000000	57.790719	-152.425436	347.300035	-0.040436	-0.009596	0.033314	0.314500	0.252590	0.463396	-0.155915	-0.016329	-0.010212	0.049659	0.231146	0.222080	0.524118
2021-07-29 06:17:05.000000 	78.000000	57.790719	-152.425436	347.300035	-0.026388	-0.017090	0.010769	0.329343	0.264520	0.485273	-0.176573	-0.020744	0.002934	0.025796	0.242059	0.232564	0.548861
2021-07-29 06:17:06.000000 	79.000000	57.790719	-152.425436	347.300035	-0.025241	-0.017566	0.025174	0.352185	0.282877	0.518938	-0.184419	-0.012392	0.003887	0.037559	0.258853	0.248698	0.586937
2021-07-29 06:17:07.000000 	80.000000	57.790719	-152.425436	347.300035	-0.038000	-0.013806	0.020630	0.302654	0.243102	0.445962	-0.154323	-0.022911	-0.005352	0.038816	0.222453	0.213724	0.504397
2021-07-29 06:17:08.000000 	81.000000	57.790719	-152.425436	347.300035	-0.031096	-0.013049	0.022947	0.282905	0.227247	0.416869	-0.144139	-0.016202	-0.002828	0.037327	0.207942	0.199780	0.471492
2021-07-29 06:17:09.000000 	82.000000	57.790719	-152.425436	347.300035	-0.020462	-0.011182	-0.008546	0.367504	0.295213	0.541535	-0.208270	-0.024281	0.000440	0.005196	0.270129	0.259525	0.612492
2021-07-29 06:17:10.000000 	83.000000	57.790719	-152.425436	347.300035	-0.051873	-0.028408	0.035162	0.318986	0.256248	0.470049	-0.152373	-0.031289	0.001169	0.061269	0.234472	0.225266	0.531639
2021-07-29 06:17:11.000000 	84.000000	57.790719	-152.425436	347.300035	-0.026439	-0.008831	0.008847	0.309482	0.248623	0.456052	-0.166715	-0.018572	-0.004411	0.022156	0.227491	0.218557	0.515807
2021-07-29 06:17:12.000000 	85.000000	57.790719	-152.425436	347.300035	-0.031416	-0.020599	0.011728	0.321236	0.258075	0.473380	-0.169695	-0.025379	0.003717	0.029849	0.236136	0.226861	0.535404
2021-07-29 06:17:13.000000 	86.000000	57.790719	-152.425436	347.300035	-0.031592	-0.017654	0.021340	0.270944	0.217679	0.399274	-0.137223	-0.019234	0.001024	0.037338	0.199171	0.191346	0.451588
2021-07-29 06:17:14.000000 	87.000000	57.790719	-152.425436	347.300035	-0.030126	-0.001751	0.019032	0.370622	0.297772	0.546172	-0.197638	-0.013136	-0.012393	0.030768	0.272450	0.261744	0.617733
2021-07-29 06:17:15.000000 	88.000000	57.790719	-152.425436	347.300035	-0.041787	-0.026016	0.032154	0.279354	0.224452	0.411680	-0.133906	-0.024391	0.003717	0.053368	0.205362	0.197291	0.465619
2021-07-29 06:17:16.000000 	89.000000	57.790719	-152.425436	347.300035	-0.036128	-0.009888	0.001142	0.317344	0.254985	0.467674	-0.171163	-0.030360	-0.007959	0.020475	0.233295	0.224124	0.528947
2021-07-29 06:17:17.000000 	90.000000	57.790719	-152.425436	347.300035	-0.019469	-0.026613	0.006040	0.324481	0.260730	0.478199	-0.176390	-0.021806	0.014578	0.020875	0.238547	0.229168	0.540851
2021-07-29 06:17:18.000000 	91.000000	57.790719	-152.425436	347.300035	-0.041482	-0.005439	0.027828	0.305423	0.245425	0.450120	-0.152892	-0.018409	-0.014381	0.044486	0.224541	0.215711	0.509092
2021-07-29 06:17:19.000000 	92.000000	57.790719	-152.425436	347.300035	-0.028206	-0.018603	0.023822	0.339154	0.272539	0.499838	-0.176546	-0.015743	0.003433	0.038073	0.249344	0.239537	0.565323
2021-07-29 06:17:20.000000 	93.000000	57.790719	-152.425436	347.300035	-0.036157	-0.019190	0.019294	0.312870	0.251427	0.461108	-0.160763	-0.024349	0.000274	0.038143	0.230025	0.220976	0.521518
2021-07-29 06:17:21.000000 	94.000000	57.790719	-152.425436	347.300035	-0.021319	-0.001358	0.009488	0.357566	0.287356	0.526989	-0.196381	-0.011464	-0.008665	0.018436	0.262892	0.252548	0.596030
2021-07-29 06:17:22.000000 	95.000000	57.790719	-152.425436	347.300035	-0.046349	-0.024259	0.027900	0.290493	0.233462	0.428143	-0.140840	-0.029392	0.000048	0.051490	0.213583	0.205178	0.484233
2021-07-29 06:17:23.000000 	96.000000	57.790719	-152.425436	347.300035	-0.018784	-0.015084	0.003256	0.346013	0.278092	0.509978	-0.191490	-0.018261	0.004675	0.015352	0.254409	0.244395	0.576788
2021-07-29 06:17:24.000000 	97.000000	57.790719	-152.425436	347.300035	-0.043427	-0.017975	0.049249	0.270390	0.217322	0.398526	-0.122407	-0.013360	-0.004169	0.066623	0.198811	0.190984	0.450735
2021-07-29 06:17:25.000000 	98.000000	57.790719	-152.425436	347.300035	-0.035846	-0.019280	-0.000070	0.327970	0.263610	0.483399	-0.176877	-0.034473	0.000497	0.021634	0.241153	0.231657	0.546726
2021-07-29 06:17:26.000000 	99.000000	57.790719	-152.425436	347.300035	-0.023644	-0.010137	0.023835	0.280151	0.225183	0.412924	-0.144663	-0.008999	-0.001959	0.033840	0.205997	0.197884	0.467018
2021-07-29 06:17:27.000000 	100.000000	57.790719	-152.425436	347.300035	-0.028200	-0.019168	0.014541	0.303615	0.244053	0.447516	-0.159582	-0.020906	0.003937	0.030356	0.223255	0.214461	0.506140
2021-07-29 06:17:28.000000 	101.000000	57.790719	-152.425436	347.300035	-0.029744	-0.017463	0.019508	0.345860	0.278021	0.509791	-0.181823	-0.018749	0.001711	0.034868	0.254325	0.244304	0.576573
2021-07-29 06:17:29.000000 	102.000000	57.790719	-152.425436	347.300035	-0.037316	-0.007445	0.028855	0.326413	0.262398	0.481134	-0.165747	-0.015523	-0.010674	0.043883	0.240030	0.230571	0.544161
2021-07-29 06:17:30.000000 	103.000000	57.790719	-152.425436	347.300035	-0.030456	-0.024141	0.026859	0.311311	0.250267	0.458881	-0.158042	-0.017981	0.007300	0.043071	0.228930	0.219906	0.518992
2021-07-29 06:17:31.000000 	104.000000	57.790719	-152.425436	347.300035	-0.025405	-0.015229	0.000180	0.329926	0.265242	0.486327	-0.181508	-0.024922	0.001739	0.015913	0.242624	0.233059	0.550033
2021-07-29 06:17:32.000000 	105.000000	57.790719	-152.425436	347.300035	-0.029224	-0.012898	0.010125	0.341352	0.274437	0.503177	-0.183480	-0.021572	-0.002095	0.025557	0.251032	0.241133	0.569088
2021-07-29 06:17:33.000000 	106.000000	57.790719	-152.425436	347.300035	-0.026682	-0.020481	0.028060	0.245015	0.196993	0.361175	-0.120733	-0.013077	0.005803	0.041402	0.180189	0.173083	0.408485
2021-07-29 06:17:34.000000 	107.000000	57.790719	-152.425436	347.300035	-0.024930	-0.016885	0.016529	0.371637	0.298808	0.547836	-0.199291	-0.016501	0.003427	0.029930	0.273316	0.262535	0.619595
2021-07-29 06:17:35.000000 	108.000000	57.790719	-152.425436	347.300035	-0.046244	-0.020684	0.037337	0.276560	0.222372	0.407688	-0.129597	-0.022882	-0.003072	0.058543	0.203397	0.195373	0.461089
2021-07-29 06:17:36.000000 	109.000000	57.790719	-152.425436	347.300035	-0.021481	-0.012727	0.017110	0.367330	0.295367	0.541502	-0.197971	-0.011975	0.001338	0.027766	0.270160	0.259499	0.612430
2021-07-29 06:17:37.000000 	110.000000	57.790719	-152.425436	347.300035	-0.026548	-0.009294	-0.003439	0.263664	0.212018	0.388689	-0.144851	-0.025384	-0.004051	0.011927	0.193922	0.186268	0.439600
2021-07-29 06:17:38.000000 	111.000000	57.790719	-152.425436	347.300035	-0.035475	-0.022105	0.045435	0.344742	0.277225	0.508219	-0.168869	-0.011046	0.003173	0.060657	0.253559	0.243549	0.574786
2021-07-29 06:17:39.000000 	112.000000	57.790719	-152.425436	347.300035	-0.028265	-0.011712	-0.006892	0.294619	0.236927	0.434335	-0.163274	-0.029460	-0.002702	0.010413	0.216699	0.208142	0.491224
2021-07-29 06:17:40.000000 	113.000000	57.790719	-152.425436	347.300035	-0.028405	-0.012632	0.013809	0.339902	0.273353	0.501100	-0.181521	-0.018891	-0.001951	0.028221	0.250011	0.240137	0.566732
2021-07-29 06:17:41.000000 	114.000000	57.790719	-152.425436	347.300035	-0.045255	-0.011846	0.039720	0.317813	0.255599	0.468542	-0.153789	-0.017410	-0.010448	0.057912	0.233769	0.224535	0.529910
2021-07-29 06:17:42.000000 	115.000000	57.790719	-152.425436	347.300035	-0.036046	-0.009710	0.009873	0.320944	0.258126	0.473164	-0.170107	-0.025575	-0.008079	0.027780	0.236077	0.226750	0.535136
2021-07-29 06:17:43.000000 	116.000000	57.790719	-152.425436	347.300035	-0.029390	-0.007986	0.015396	0.300981	0.242080	0.443740	-0.158609	-0.016964	-0.006526	0.028883	0.221398	0.212649	0.501857
2021-07-29 06:17:44.000000 	117.000000	57.790719	-152.425436	347.300035	-0.030343	-0.012029	0.023873	0.323916	0.260536	0.477560	-0.167901	-0.014744	-0.003383	0.037503	0.238274	0.228857	0.540106
2021-07-29 06:17:45.000000 	118.000000	57.790719	-152.425436	347.300035	-0.027519	-0.006450	-0.000920	0.300953	0.242075	0.443712	-0.165503	-0.023656	-0.007021	0.013815	0.221387	0.212636	0.501824
2021-07-29 06:17:46.000000 	119.000000	57.790719	-152.425436	347.300035	-0.038934	-0.011958	0.017241	0.331815	0.266909	0.489220	-0.172522	-0.024694	-0.007423	0.035933	0.244096	0.234444	0.553291
2021-07-29 06:17:47.000000 	120.000000	57.790719	-152.425436	347.300035	-0.027489	-0.019011	0.027974	0.277370	0.223123	0.408954	-0.139469	-0.013152	0.004127	0.041347	0.204049	0.195979	0.462513
2021-07-29 06:17:48.000000 	121.000000	57.790719	-152.425436	347.300035	-0.031553	-0.008335	0.012305	0.323259	0.260047	0.476620	-0.172020	-0.020370	-0.007218	0.027376	0.237813	0.228406	0.539039
2021-07-29 06:17:49.000000 	122.000000	57.790719	-152.425436	347.300035	-0.041514	-0.025398	0.026051	0.351020	0.282389	0.517558	-0.178065	-0.027198	0.003296	0.047923	0.258241	0.248025	0.585338
2021-07-29 06:17:50.000000 	123.000000	57.790719	-152.425436	347.300035	-0.033670	-0.008532	0.002586	0.319699	0.257202	0.471385	-0.172990	-0.027216	-0.008023	0.020201	0.235204	0.225897	0.533117
2021-07-29 06:17:51.000000 	124.000000	57.790719	-152.425436	347.300035	-0.025503	-0.018379	0.017965	0.330295	0.265736	0.487014	-0.174608	-0.016750	0.004486	0.031784	0.243005	0.233388	0.550792
2021-07-29 06:17:52.000000 	125.000000	57.790719	-152.425436	347.300035	-0.040555	-0.023855	0.035997	0.488418	0.392968	0.720175	-0.254090	-0.020572	0.002372	0.055504	0.359348	0.345123	0.814485
2021-07-29 06:17:53.000000 	126.000000	57.790719	-152.425436	347.300035	-0.030497	-0.005548	0.007837	0.341793	0.275008	0.503983	-0.185025	-0.020869	-0.009199	0.022409	0.251476	0.241519	0.569981
2021-07-29 06:17:54.000000 	127.000000	57.790719	-152.425436	347.300035	-0.032218	-0.026204	0.015598	0.341984	0.275172	0.504272	-0.179465	-0.026113	0.008313	0.034885	0.251623	0.241658	0.570306
2021-07-29 06:17:55.000000 	128.000000	57.790719	-152.425436	347.300035	-0.037367	-0.021492	0.011823	0.338320	0.272234	0.498877	-0.177831	-0.030141	0.001754	0.032961	0.248933	0.239073	0.564204
2021-07-29 06:17:56.000000 	129.000000	57.790719	-152.425436	347.300035	-0.027779	-0.025960	0.014301	0.299115	0.240696	0.441072	-0.156454	-0.023379	0.010152	0.031630	0.220091	0.211372	0.498830
2021-07-29 06:17:57.000000 	130.000000	57.790719	-152.425436	347.300035	-0.036942	-0.019236	0.023295	0.303018	0.243846	0.446835	-0.153412	-0.022824	-0.000049	0.041910	0.222969	0.214134	0.505346
2021-07-29 06:17:58.000000 	131.000000	57.790719	-152.425436	347.300035	-0.032478	-0.006875	0.006276	0.321841	0.259004	0.474598	-0.173389	-0.023706	-0.008940	0.022351	0.236825	0.227439	0.536744
2021-07-29 06:17:59.000000 	132.000000	57.790719	-152.425436	347.300035	-0.033914	-0.032560	0.021137	0.318458	0.256291	0.469616	-0.162430	-0.026922	0.013163	0.041942	0.234341	0.225052	0.531109
2021-07-29 06:18:00.000000 	133.000000	57.790719	-152.425436	347.300035	-0.031073	-0.029372	0.005655	0.368060	0.296221	0.542770	-0.198281	-0.031795	0.011652	0.026712	0.270847	0.260109	0.613840
2021-07-29 06:18:01.000000 	134.000000	57.790719	-152.425436	347.300035	-0.036471	-0.021733	0.020765	0.275573	0.221794	0.406387	-0.138342	-0.024797	0.002382	0.040163	0.202793	0.194751	0.459598
2021-07-29 06:18:02.000000 	135.000000	57.790719	-152.425436	347.300035	-0.023706	-0.043147	0.001298	0.353369	0.284419	0.521120	-0.191535	-0.033986	0.027272	0.022944	0.260049	0.249734	0.589354
2021-07-29 06:18:03.000000 	136.000000	57.790719	-152.425436	347.300035	-0.035760	-0.022460	0.026372	0.317130	0.255260	0.467684	-0.160396	-0.021560	0.003355	0.044751	0.233385	0.224126	0.528919
2021-07-29 06:18:04.000000 	137.000000	57.790719	-152.425436	347.300035	-0.041946	-0.026564	-0.007023	0.292595	0.235521	0.431508	-0.156123	-0.045607	0.004129	0.020430	0.215335	0.206790	0.488006
2021-07-29 06:18:05.000000 	138.000000	57.790719	-152.425436	347.300035	-0.033860	-0.010771	0.024103	0.346838	0.279194	0.511511	-0.180245	-0.016767	-0.006126	0.039050	0.255261	0.245130	0.578483
2021-07-29 06:18:06.000000 	139.000000	57.790719	-152.425436	347.300035	-0.033960	-0.016637	0.009748	0.308975	0.248725	0.455677	-0.163226	-0.026790	-0.000973	0.028398	0.227400	0.218374	0.515338
2021-07-29 06:18:07.000000 	140.000000	57.790719	-152.425436	347.300035	-0.026741	-0.021295	0.013525	0.319725	0.257388	0.471538	-0.169589	-0.021187	0.006497	0.029332	0.235317	0.225975	0.533274
2021-07-29 06:18:08.000000 	141.000000	57.790719	-152.425436	347.300035	-0.031896	-0.005232	0.038878	0.072663	0.058498	0.107167	-0.015402	-0.005249	-0.010127	0.049256	0.053481	0.051358	0.121198
2021-07-29 06:18:09.000000 	142.000000	57.790719	-152.425436	347.300035	-0.030731	-0.006320	0.033522	0.572980	0.461301	0.845068	-0.308360	-0.007656	-0.008624	0.044441	0.421733	0.404983	0.955706
2021-07-29 06:18:10.000000 	143.000000	57.790719	-152.425436	347.300035	-0.016136	-0.009484	0.016720	0.076630	0.061697	0.113021	-0.031964	-0.006905	0.000937	0.024111	0.056404	0.054163	0.127818
2021-07-29 06:18:11.000000 	144.000000	57.790719	-152.425436	347.300035	-0.048115	-0.008110	0.043013	0.281568	0.226705	0.415286	-0.131010	-0.016336	-0.015084	0.061127	0.207254	0.199019	0.469654
2021-07-29 06:18:12.000000 	145.000000	57.790719	-152.425436	347.300035	-0.023463	0.004406	0.009292	0.337863	0.272042	0.498324	-0.185139	-0.010919	-0.014767	0.017861	0.248697	0.238814	0.563563
2021-07-29 06:18:13.000000 	146.000000	57.790719	-152.425436	347.300035	-0.008993	-0.014686	0.009150	0.298312	0.240205	0.439994	-0.164533	-0.007620	0.008854	0.015614	0.219589	0.210861	0.497596
2021-07-29 06:18:14.000000 	147.000000	57.790719	-152.425436	347.300035	-0.039990	0.001750	0.032668	0.292167	0.235265	0.430936	-0.144491	-0.011895	-0.020062	0.046102	0.215071	0.206520	0.487351
2021-07-29 06:18:15.000000 	148.000000	57.790719	-152.425436	347.300035	-0.022466	-0.016947	0.018312	0.279269	0.224889	0.411919	-0.146084	-0.013726	0.004623	0.030289	0.205582	0.197407	0.465844
2021-07-29 06:18:16.000000 	149.000000	57.790719	-152.425436	347.300035	-0.032412	-0.019743	0.035208	0.360124	0.290010	0.531186	-0.183100	-0.013275	0.002497	0.049975	0.265109	0.254565	0.600723
2021-07-29 06:18:17.000000 	150.000000	57.790719	-152.425436	347.300035	-0.026607	-0.000416	0.046193	0.325130	0.261839	0.479577	-0.161785	0.004503	-0.011947	0.051758	0.239354	0.229832	0.542356
2021-07-29 06:18:18.000000 	151.000000	57.790719	-152.425436	347.300035	-0.051353	-0.004729	0.022516	1.613437	1.299409	2.379901	0.952200	-0.028365	-0.019579	0.044480	1.187805	1.140544	2.691440
2021-07-29 06:18:19.000000 	152.000000	57.790719	-152.425436	347.300035	-0.030919	-0.015511	0.020543	0.317016	0.255324	0.467621	-0.164817	-0.018314	-0.000564	0.035817	0.233391	0.224103	0.528833
2021-07-29 06:18:20.000000 	153.000000	57.790719	-152.425436	347.300035	-0.043450	-0.032702	0.009283	0.326795	0.263210	0.482053	-0.168932	-0.040447	0.008874	0.036452	0.240597	0.231020	0.545154
2021-07-29 06:18:21.000000 	154.000000	57.790719	-152.425436	347.300035	-0.042353	0.004261	0.034312	2.191184	1.764911	3.232242	-1.239186	-0.011807	-0.023382	0.047991	1.613259	1.549032	3.655337
2021-07-29 06:18:22.000000 	155.000000	57.790719	-152.425436	347.300035	-0.035344	-0.023084	0.020756	0.324683	0.261529	0.478950	-0.167055	-0.024486	0.004101	0.039957	0.239053	0.229534	0.541642
2021-07-29 06:18:23.000000 	156.000000	57.790719	-152.425436	347.300035	-0.032064	-0.003053	0.006543	0.347130	0.279620	0.512069	-0.188478	-0.021756	-0.012136	0.021439	0.255587	0.245407	0.579096
2021-07-29 06:18:24.000000 	157.000000	57.790719	-152.425436	347.300035	-0.029232	0.001262	0.017771	0.266024	0.214296	0.392432	-0.138432	-0.011957	-0.014650	0.028536	0.195875	0.188072	0.443798
2021-07-29 06:18:25.000000 	158.000000	57.790719	-152.425436	347.300035	-0.032173	0.007465	0.009715	0.270200	0.217669	0.398597	-0.143482	-0.016028	-0.021510	0.021579	0.198954	0.191027	0.450770
2021-07-29 06:18:26.000000 	159.000000	57.790719	-152.425436	347.300035	-0.042495	0.008013	0.023756	0.312962	0.252126	0.461685	-0.159710	-0.016070	-0.026773	0.038201	0.230446	0.221263	0.522114
2021-07-29 06:18:27.000000 	160.000000	57.790719	-152.425436	347.300035	-0.009274	-0.026664	-0.027800	0.300221	0.235411	0.551593	-0.165459	-0.032217	0.019342	-0.012561	0.248451	0.227770	0.579826
2021-07-29 06:18:28.000000 	161.000000	57.790719	-152.425436	347.300035	-0.006569	-0.019715	-0.029886	0.396388	0.310806	0.728366	-0.217640	-0.028578	0.014434	-0.017318	0.328047	0.300726	0.765631
2021-07-29 06:18:29.000000 	162.000000	57.790719	-152.425436	347.300035	-0.018600	-0.036827	0.001196	0.264824	0.207640	0.486674	-0.130527	-0.027736	0.024034	0.018886	0.219173	0.200910	0.511562
2021-07-29 06:18:30.000000 	163.000000	57.790719	-152.425436	347.300035	-0.011691	-0.027620	0.012283	0.350546	0.274841	0.644283	-0.172631	-0.013039	0.019071	0.022731	0.290128	0.265940	0.677216
2021-07-29 06:18:31.000000 	164.000000	57.790719	-152.425436	347.300035	-0.018316	-0.043207	-0.023375	1.645126	1.289790	3.023998	0.848765	-0.043119	0.029820	-0.000463	1.361627	1.248049	3.178507
2021-07-29 06:18:32.000000 	165.000000	57.790719	-152.425436	347.300035	-0.024201	-0.021455	0.015897	0.356272	0.279309	0.654960	-0.170959	-0.018080	0.007815	0.030178	0.294887	0.270277	0.688410
2021-07-29 06:18:33.000000 	166.000000	57.790719	-152.425436	347.300035	-0.036420	-0.033083	0.019912	2.398135	1.880012	4.409182	-1.227462	-0.029659	0.012466	0.042218	1.985006	1.819260	4.634267
2021-07-29 06:18:34.000000 	167.000000	57.790719	-152.425436	347.300035	-0.029959	-0.023583	-0.009751	0.335377	0.262909	0.616694	-0.169946	-0.036904	0.007036	0.011723	0.277611	0.254419	0.648161
2021-07-29 06:18:35.000000 	168.000000	57.790719	-152.425436	347.300035	-0.024854	-0.010817	0.003764	0.369762	0.289852	0.680001	-0.183679	-0.020871	-0.001916	0.017596	0.306084	0.280500	0.714683
2021-07-29 06:18:36.000000 	169.000000	57.790719	-152.425436	347.300035	-0.046670	-0.022566	0.032705	0.290393	0.227627	0.534102	-0.122207	-0.026408	-0.001601	0.055290	0.240391	0.220288	0.561331
2021-07-29 06:18:37.000000 	170.000000	57.790719	-152.425436	347.300035	-0.027333	-0.013689	-0.023896	0.344321	0.269889	0.633363	-0.181961	-0.038598	-0.000519	-0.003927	0.285043	0.261193	0.665638
2021-07-29 06:18:38.000000 	171.000000	57.790719	-152.425436	347.300035	-0.032040	-0.024669	-0.008235	0.384604	0.301453	0.707545	-0.194326	-0.038081	0.007035	0.014257	0.318402	0.291747	0.743584
2021-07-29 06:18:39.000000 	172.000000	57.790719	-152.425436	347.300035	-0.043757	-0.037623	0.007721	0.384375	0.301262	0.707207	-0.182950	-0.043438	0.013094	0.036489	0.318223	0.291570	0.743213
2021-07-29 06:18:40.000000 	173.000000	57.790719	-152.425436	347.300035	-0.029084	-0.017745	-0.032596	0.325747	0.255301	0.599408	-0.175332	-0.046137	0.002266	-0.009460	0.269694	0.247094	0.629912
2021-07-29 06:18:41.000000 	174.000000	57.790719	-152.425436	347.300035	-0.033217	-0.015609	0.005652	0.346193	0.271315	0.637105	-0.167947	-0.028014	-0.001540	0.024327	0.286632	0.262600	0.669513
2021-07-29 06:18:42.000000 	175.000000	57.790719	-152.425436	347.300035	-0.021128	-0.001031	-0.006710	0.338658	0.265400	0.623312	-0.173363	-0.019826	-0.008866	0.004559	0.280403	0.256881	0.655004
2021-07-29 06:18:43.000000 	176.000000	57.790719	-152.425436	347.300035	-0.024153	-0.030620	-0.012845	0.291743	0.228625	0.537026	-0.149772	-0.036954	0.015961	0.008098	0.241566	0.221292	0.564319
2021-07-29 06:18:44.000000 	177.000000	57.790719	-152.425436	347.300035	-0.014517	-0.029068	-0.029936	0.425502	0.333434	0.783335	-0.230167	-0.038229	0.019046	-0.011298	0.352333	0.322746	0.823129
2021-07-29 06:18:45.000000 	178.000000	57.790719	-152.425436	347.300035	-0.022947	-0.024826	0.018059	0.296335	0.232206	0.545606	-0.138782	-0.017308	0.011384	0.032247	0.245385	0.224769	0.573311
2021-07-29 06:18:46.000000 	179.000000	57.790719	-152.425436	347.300035	-0.020529	-0.010128	-0.007680	0.383179	0.300246	0.705585	-0.197005	-0.023457	-0.000525	0.005700	0.317309	0.290636	0.741396
2021-07-29 06:18:47.000000 	180.000000	57.790719	-152.425436	347.300035	-0.021490	-0.018810	0.004172	0.381718	0.299090	0.702977	-0.190328	-0.021261	0.006725	0.018324	0.316110	0.289524	0.738641
2021-07-29 06:18:48.000000 	181.000000	57.790719	-152.425436	347.300035	-0.013826	-0.005701	0.008496	0.346156	0.271216	0.637562	-0.172225	-0.008074	-0.001347	0.015128	0.286671	0.262549	0.669892
2021-07-29 06:18:49.000000 	182.000000	57.790719	-152.425436	347.300035	-0.026739	-0.022898	-0.004998	0.397533	0.311458	0.732274	-0.201125	-0.031686	0.007919	0.014054	0.329230	0.301512	0.769391
2021-07-29 06:18:50.000000 	183.000000	57.790719	-152.425436	347.300035	-0.034443	-0.020431	-0.007255	0.275233	0.215631	0.507052	-0.135930	-0.037701	0.002167	0.015176	0.227951	0.208750	0.532742
2021-07-29 06:18:51.000000 	184.000000	57.790719	-152.425436	347.300035	-0.035900	-0.012561	0.041141	0.295200	0.231265	0.543899	-0.124288	-0.009916	-0.005484	0.054870	0.244496	0.223891	0.571443
2021-07-29 06:18:52.000000 	185.000000	57.790719	-152.425436	347.300035	-0.017207	-0.007836	-0.002272	0.442787	0.346875	0.815922	-0.226446	-0.017185	-0.001019	0.008140	0.366747	0.335823	0.857223
2021-07-29 06:18:53.000000 	186.000000	57.790719	-152.425436	347.300035	-0.016171	-0.011927	-0.014339	0.352300	0.275978	0.649257	-0.185066	-0.024442	0.003086	-0.001549	0.291809	0.267191	0.682107
2021-07-29 06:18:54.000000 	187.000000	57.790719	-152.425436	347.300035	-0.039863	-0.037883	0.001472	0.297670	0.233175	0.548644	-0.141205	-0.043950	0.015127	0.029427	0.246568	0.225756	0.576391
2021-07-29 06:18:55.000000 	188.000000	57.790719	-152.425436	347.300035	-0.013919	-0.008474	-0.003295	0.475121	0.372164	0.875812	-0.244553	-0.015514	0.001068	0.005879	0.393570	0.360333	0.920085
2021-07-29 06:18:56.000000 	189.000000	57.790719	-152.425436	347.300035	-0.025145	-0.020649	0.000440	0.300769	0.235585	0.554486	-0.148674	-0.026711	0.006664	0.017348	0.249153	0.228101	0.582503
2021-07-29 06:18:57.000000 	190.000000	57.790719	-152.425436	347.300035	-0.037188	-0.021778	0.029160	0.411518	0.322320	0.758748	-0.189811	-0.020878	0.002089	0.047616	0.340908	0.312088	0.797069
2021-07-29 06:18:58.000000 	191.000000	57.790719	-152.425436	347.300035	-0.024946	-0.015409	-0.024966	0.260811	0.204271	0.480933	-0.139224	-0.038052	0.002111	-0.005536	0.216067	0.197792	0.505212
2021-07-29 06:18:59.000000 	192.000000	57.790719	-152.425436	347.300035	-0.043572	-0.018285	-0.025027	0.336679	0.263683	0.620906	-0.172917	-0.053181	-0.003961	0.003922	0.278929	0.255325	0.652237
2021-07-29 06:19:00.000000 	193.000000	57.790719	-152.425436	347.300035	-0.048045	-0.007299	0.031686	0.332070	0.260063	0.612477	-0.144288	-0.022003	-0.015770	0.051311	0.275120	0.251827	0.643369
2021-07-29 06:19:01.000000 	194.000000	57.790719	-152.425436	347.300035	-0.010944	-0.018841	-0.045898	0.377087	0.295308	0.695590	-0.213283	-0.040052	0.011635	-0.029015	0.312428	0.285962	0.730658
2021-07-29 06:19:02.000000 	195.000000	57.790719	-152.425436	347.300035	-0.027208	-0.019308	0.014191	0.327285	0.256297	0.603793	-0.155661	-0.020404	0.004520	0.029626	0.271175	0.248192	0.634219
2021-07-29 06:19:03.000000 	196.000000	57.790719	-152.425436	347.300035	-0.012454	-0.018108	-0.014017	0.329776	0.258239	0.608460	-0.173955	-0.023904	0.010287	-0.001508	0.273249	0.250078	0.639108
2021-07-29 06:19:04.000000 	197.000000	57.790719	-152.425436	347.300035	-0.021628	-0.013525	-0.015798	0.352442	0.275977	0.650356	-0.184117	-0.029938	0.001977	0.000189	0.292040	0.267263	0.683100
2021-07-29 06:19:05.000000 	198.000000	57.790719	-152.425436	347.300035	-0.038072	-0.003764	0.029036	0.392515	0.307345	0.724387	-0.180033	-0.014551	-0.014288	0.043485	0.325257	0.297647	0.760841
2021-07-29 06:19:06.000000 	199.000000	57.790719	-152.425436	347.300035	-0.017912	-0.018915	-0.027102	0.274287	0.214763	0.506256	-0.149235	-0.035288	0.008475	-0.009802	0.227295	0.207991	0.531721
2021-07-29 06:19:07.000000 	200.000000	57.790719	-152.425436	347.300035	-0.035462	-0.017934	-0.011240	1.259778	0.986353	2.325468	0.657048	-0.039612	-0.000519	0.011670	1.043987	0.955277	2.442391
2021-07-29 06:19:08.000000 	201.000000	57.790719	-152.425436	347.300035	-0.009151	-0.012007	-0.013017	0.386416	0.302536	0.713382	-0.203993	-0.018504	0.006407	-0.003728	0.320237	0.293012	0.749234
2021-07-29 06:19:09.000000 	202.000000	57.790719	-152.425436	347.300035	-0.024005	-0.020128	-0.021786	1.914219	1.498642	3.534349	-0.997198	-0.037499	0.006729	-0.002125	1.586440	1.451498	3.711893
2021-07-29 06:19:10.000000 	203.000000	57.790719	-152.425436	347.300035	-0.018124	-0.023374	-0.000967	0.304068	0.238046	0.561486	-0.152798	-0.023263	0.012329	0.013512	0.252010	0.230563	0.589679
2021-07-29 06:19:11.000000 	204.000000	57.790719	-152.425436	347.300035	0.001511	-0.033666	-0.019638	0.312113	0.244335	0.576409	-0.170013	-0.022520	0.030542	-0.009023	0.258687	0.236661	0.605338
2021-07-29 06:19:12.000000 	205.000000	57.790719	-152.425436	347.300035	-0.027804	-0.018970	0.043300	0.342695	0.268267	0.632963	-0.149870	-0.005203	0.003945	0.054453	0.284045	0.259847	0.664716
2021-07-29 06:19:13.000000 	206.000000	57.790719	-152.425436	347.300035	-0.014108	-0.024859	-0.024805	0.397677	0.311296	0.734601	-0.213393	-0.033538	0.015505	-0.008188	0.329629	0.301533	0.771436
2021-07-29 06:19:14.000000 	207.000000	57.790719	-152.425436	347.300035	-0.035327	-0.013080	0.018795	0.386365	0.302430	0.713788	-0.182099	-0.021600	-0.004758	0.035821	0.320264	0.292952	0.749563
2021-07-29 06:19:15.000000 	208.000000	57.790719	-152.425436	347.300035	-0.032688	-0.030324	0.005283	0.361980	0.283332	0.668816	-0.175678	-0.033576	0.011748	0.027396	0.300061	0.274460	0.702322
2021-07-29 06:19:16.000000 	209.000000	57.790719	-152.425436	347.300035	-0.033370	-0.031853	0.006138	0.341773	0.267506	0.631555	-0.164447	-0.034231	0.012788	0.028819	0.283322	0.259136	0.663180
2021-07-29 06:19:17.000000 	210.000000	57.790719	-152.425436	347.300035	-0.032777	-0.025138	-0.020549	0.322106	0.252104	0.595282	-0.166506	-0.045381	0.007110	0.004302	0.267028	0.244221	0.625077
2021-07-29 06:19:18.000000 	211.000000	57.790719	-152.425436	347.300035	-0.035750	-0.018868	0.023232	0.313915	0.245683	0.580211	-0.141995	-0.021819	0.000176	0.041203	0.260246	0.238007	0.609239
2021-07-29 06:19:19.000000 	212.000000	57.790719	-152.425436	347.300035	-0.039580	-0.018881	0.016653	0.364111	0.284959	0.673068	-0.170038	-0.028203	-0.001585	0.037449	0.301872	0.276063	0.706726
2021-07-29 06:19:20.000000 	213.000000	57.790719	-152.425436	347.300035	-0.026284	-0.017302	-0.024034	0.315912	0.247229	0.584040	-0.167081	-0.039300	0.003170	-0.003648	0.261922	0.239516	0.613232
2021-07-29 06:19:21.000000 	214.000000	57.790719	-152.425436	347.300035	-0.026453	-0.013892	-0.014256	0.383626	0.300210	0.709308	-0.198126	-0.032879	0.000069	0.003864	0.318075	0.290852	0.744746
2021-07-29 06:19:22.000000 	215.000000	57.790719	-152.425436	347.300035	-0.051611	-0.017375	0.020267	0.290464	0.227297	0.537118	-0.126081	-0.034711	-0.008490	0.045819	0.240840	0.220217	0.563941
2021-07-29 06:19:23.000000 	216.000000	57.790719	-152.425436	347.300035	-0.015353	-0.002725	-0.025374	0.346762	0.271342	0.641296	-0.187300	-0.026107	-0.004692	-0.013543	0.287530	0.262896	0.673307
2021-07-29 06:19:24.000000 	217.000000	57.790719	-152.425436	347.300035	-0.012502	-0.014464	-0.003222	0.372735	0.291656	0.689412	-0.191305	-0.016759	0.007034	0.006750	0.309078	0.282585	0.723809
2021-07-29 06:19:25.000000 	218.000000	57.790719	-152.425436	347.300035	-0.030566	-0.000629	-0.002130	0.273539	0.214030	0.505998	-0.134201	-0.024306	-0.013592	0.012795	0.226832	0.207378	0.531232
2021-07-29 06:19:26.000000 	219.000000	57.790719	-152.425436	347.300035	-0.028488	-0.019343	-0.001825	0.426452	0.333663	0.788950	-0.214041	-0.029915	0.003958	0.016688	0.353647	0.323302	0.828278
2021-07-29 06:19:27.000000 	220.000000	57.790719	-152.425436	347.300035	-0.005385	-0.007974	-0.018162	0.268434	0.210020	0.496670	-0.146024	-0.016842	0.004576	-0.010855	0.222615	0.203503	0.521416
2021-07-29 06:19:28.000000 	221.000000	57.790719	-152.425436	347.300035	-0.021525	-0.009016	0.014766	0.346779	0.271307	0.641703	-0.167216	-0.011805	-0.001972	0.024888	0.287597	0.262895	0.673661
2021-07-29 06:19:29.000000 	222.000000	57.790719	-152.425436	347.300035	-0.017854	-0.016324	-0.006488	0.336155	0.262985	0.622115	-0.172249	-0.023242	0.006205	0.006974	0.278797	0.254838	0.653084
2021-07-29 06:19:30.000000 	223.000000	57.790719	-152.425436	347.300035	-0.018653	-0.005220	-0.015321	0.376458	0.294505	0.696783	-0.197216	-0.024200	-0.004007	-0.002862	0.312234	0.285388	0.731453
2021-07-29 06:19:31.000000 	224.000000	57.790719	-152.425436	347.300035	-0.029372	-0.029331	0.004758	0.273158	0.213685	0.505645	-0.130390	-0.030981	0.012403	0.025140	0.226565	0.207075	0.530793
2021-07-29 06:19:32.000000 	225.000000	57.790719	-152.425436	347.300035	-0.028275	-0.029769	-0.001766	0.383669	0.300124	0.710296	-0.191344	-0.033807	0.013299	0.019210	0.318238	0.290848	0.745606
2021-07-29 06:19:33.000000 	226.000000	57.790719	-152.425436	347.300035	-0.032467	-0.033848	0.023004	0.386575	0.302387	0.715759	-0.180122	-0.025346	0.014974	0.043155	0.320661	0.293048	0.751325
2021-07-29 06:19:34.000000 	227.000000	57.790719	-152.425436	347.300035	-0.028871	-0.029587	-0.009651	0.361693	0.282913	0.669766	-0.183257	-0.038385	0.012862	0.012775	0.300032	0.274182	0.703032
2021-07-29 06:19:35.000000 	228.000000	57.790719	-152.425436	347.300035	-0.029493	-0.029965	-0.008743	0.369502	0.289012	0.684308	-0.186719	-0.038516	0.012909	0.013930	0.306522	0.280099	0.718280
2021-07-29 06:19:36.000000 	229.000000	57.790719	-152.425436	347.300035	-0.023283	-0.018515	-0.015269	0.314989	0.246365	0.583419	-0.163498	-0.032852	0.005634	0.002649	0.261310	0.238773	0.612369
2021-07-29 06:19:37.000000 	230.000000	57.790719	-152.425436	347.300035	-0.028143	-0.020983	-0.008827	0.379472	0.296788	0.702934	-0.192702	-0.034031	0.005572	0.011005	0.314816	0.287650	0.737799
2021-07-29 06:19:38.000000 	231.000000	57.790719	-152.425436	347.300035	-0.039217	-0.022659	0.005759	0.275469	0.215439	0.510338	-0.128413	-0.035217	0.001931	0.028992	0.228542	0.208811	0.535638
2021-07-29 06:19:39.000000 	232.000000	57.790719	-152.425436	347.300035	-0.030381	-0.026843	0.012680	0.286696	0.224212	0.531200	-0.133681	-0.026541	0.009730	0.031706	0.237866	0.217319	0.557523
2021-07-29 06:19:40.000000 	233.000000	57.790719	-152.425436	347.300035	-0.020703	-0.012067	-0.006145	0.387157	0.302767	0.717421	-0.197842	-0.023529	0.001113	0.007560	0.321228	0.293467	0.752956
2021-07-29 06:19:41.000000 	234.000000	57.790719	-152.425436	347.300035	-0.032215	-0.017290	-0.000592	0.470826	0.368185	0.872565	-0.235413	-0.031248	0.000413	0.018986	0.390663	0.356884	0.915764
2021-07-29 06:19:42.000000 	235.000000	57.790719	-152.425436	347.300035	-0.011531	-0.009975	-0.016604	0.284687	0.222617	0.527661	-0.151939	-0.021405	0.003504	-0.006140	0.236225	0.215789	0.553773
2021-07-29 06:19:43.000000 	236.000000	57.790719	-152.425436	347.300035	-0.033767	-0.002582	0.001642	0.326589	0.255374	0.605396	-0.159100	-0.025462	-0.013342	0.017980	0.271004	0.247547	0.635340
2021-07-29 06:19:44.000000 	237.000000	57.790719	-152.425436	347.300035	-0.021798	-0.023210	-0.015147	0.352795	0.275856	0.654050	-0.183343	-0.033513	0.010483	0.003210	0.292761	0.267408	0.686386
2021-07-29 06:19:45.000000 	238.000000	57.790719	-152.425436	347.300035	-0.029483	-0.011628	0.008827	0.275288	0.215244	0.510419	-0.130311	-0.021962	-0.003341	0.024267	0.228452	0.208658	0.535642
2021-07-29 06:19:46.000000 	239.000000	57.790719	-152.425436	347.300035	-0.023615	-0.016299	-0.007421	0.391172	0.305841	0.725365	-0.199530	-0.028051	0.003516	0.008900	0.324632	0.296490	0.761194
2021-07-29 06:19:47.000000 	240.000000	57.790719	-152.425436	347.300035	-0.021148	-0.022465	-0.008001	0.389417	0.304459	0.722195	-0.199360	-0.028924	0.010124	0.008765	0.323188	0.295157	0.757851
2021-07-29 06:19:48.000000 	241.000000	57.790719	-152.425436	347.300035	-0.008224	-0.012490	-0.002402	0.353747	0.276561	0.656118	-0.182066	-0.012340	0.007264	0.004936	0.293595	0.268118	0.688497
2021-07-29 06:19:49.000000 	242.000000	57.790719	-152.425436	347.300035	-0.032935	-0.014438	0.017918	0.315448	0.246610	0.585152	-0.145977	-0.020806	-0.002448	0.034284	0.261819	0.239088	0.614015
2021-07-29 06:19:50.000000 	243.000000	57.790719	-152.425436	347.300035	-0.027444	-0.023929	-0.011457	0.431751	0.337521	0.800984	-0.221088	-0.036062	0.008507	0.009177	0.358363	0.327233	0.840475
2021-07-29 06:19:51.000000 	244.000000	57.790719	-152.425436	347.300035	-0.021078	-0.024922	-0.022932	0.340815	0.266422	0.632353	-0.180664	-0.037793	0.012334	-0.003295	0.282895	0.258308	0.663515
2021-07-29 06:19:52.000000 	245.000000	57.790719	-152.425436	347.300035	-0.033999	-0.032777	0.010243	0.330257	0.258160	0.612835	-0.156072	-0.032877	0.013316	0.032818	0.274142	0.250304	0.643022
2021-07-29 06:19:53.000000 	246.000000	57.790719	-152.425436	347.300035	-0.019722	-0.021582	-0.003503	0.312912	0.244593	0.580716	-0.157919	-0.025112	0.010001	0.011679	0.259754	0.237155	0.609308
2021-07-29 06:19:54.000000 	247.000000	57.790719	-152.425436	347.300035	-0.034664	-0.014705	-0.001440	0.415469	0.324747	0.771135	-0.206241	-0.032525	-0.003012	0.018788	0.344901	0.314880	0.809085
2021-07-29 06:19:55.000000 	248.000000	57.790719	-152.425436	347.300035	-0.016416	-0.020174	-0.008525	0.332512	0.259895	0.617234	-0.171358	-0.024757	0.010284	0.005521	0.276045	0.252005	0.647595
2021-07-29 06:19:56.000000 	249.000000	57.790719	-152.425436	347.300035	-0.041932	-0.014415	0.005132	0.346905	0.271135	0.644025	-0.165348	-0.034359	-0.006632	0.027710	0.288005	0.262910	0.675690
2021-07-29 06:19:57.000000 	250.000000	57.790719	-152.425436	347.300035	-0.015620	-0.019155	-0.005677	0.390111	0.304894	0.724321	-0.200210	-0.022243	0.009748	0.007302	0.323888	0.295652	0.759918
2021-07-29 06:19:58.000000 	251.000000	57.790719	-152.425436	347.300035	-0.028560	-0.018593	-0.018329	0.333421	0.260579	0.619136	-0.172728	-0.038472	0.003261	0.002573	0.276832	0.252686	0.649550
2021-07-29 06:19:59.000000 	252.000000	57.790719	-152.425436	347.300035	-0.028542	-0.010973	0.022380	0.302127	0.236113	0.561090	-0.138295	-0.013775	-0.003486	0.035128	0.250859	0.228967	0.588639
2021-07-29 06:20:00.000000 	253.000000	57.790719	-152.425436	347.300035	-0.047062	-0.014097	0.013515	0.424329	0.331603	0.788126	-0.200360	-0.033614	-0.009289	0.037149	0.352337	0.321574	0.826805
2021-07-29 06:20:01.000000 	254.000000	57.790719	-152.425436	347.300035	-0.019171	-0.004681	-0.032121	0.379134	0.296274	0.704266	-0.205723	-0.033333	-0.004725	-0.016966	0.314823	0.287321	0.738813
2021-07-29 06:20:02.000000 	255.000000	57.790719	-152.425436	347.300035	-0.017157	-0.019071	-0.013048	0.320627	0.250545	0.595655	-0.167020	-0.027292	0.008962	0.001772	0.266251	0.242980	0.624860
2021-07-29 06:20:03.000000 	256.000000	57.790719	-152.425436	347.300035	-0.029594	-0.021020	-0.000793	0.253970	0.198451	0.471875	-0.123032	-0.030851	0.004933	0.018498	0.210907	0.192464	0.495001
2021-07-29 06:20:04.000000 	257.000000	57.790719	-152.425436	347.300035	-0.026748	-0.028678	-0.017547	0.440311	0.344044	0.818189	-0.228178	-0.040645	0.013039	0.004867	0.365665	0.333673	0.858268
2021-07-29 06:20:05.000000 	258.000000	57.790719	-152.425436	347.300035	-0.017669	-0.025855	0.006492	0.381170	0.297823	0.708375	-0.189077	-0.019917	0.014739	0.020221	0.316562	0.288852	0.743059
2021-07-29 06:20:06.000000 	259.000000	57.790719	-152.425436	347.300035	-0.016059	-0.017528	-0.024796	0.280813	0.219403	0.521931	-0.151898	-0.032126	0.008103	-0.009068	0.233225	0.212800	0.547474
2021-07-29 06:20:07.000000 	260.000000	57.790719	-152.425436	347.300035	-0.029729	-0.035845	-0.001834	0.304246	0.237703	0.565549	-0.148886	-0.037313	0.018011	0.021338	0.252697	0.230555	0.593214
2021-07-29 06:20:08.000000 	261.000000	57.790719	-152.425436	347.300035	-0.027290	-0.021452	0.006039	0.408819	0.319393	0.760022	-0.201193	-0.025651	0.006383	0.023296	0.339565	0.309796	0.797183
2021-07-29 06:20:09.000000 	262.000000	57.790719	-152.425436	347.300035	-0.023507	-0.030286	-0.006859	0.323329	0.252595	0.601160	-0.163254	-0.033148	0.015964	0.012775	0.268567	0.245010	0.630540
2021-07-29 06:20:10.000000 	263.000000	57.790719	-152.425436	347.300035	-0.023847	-0.026788	-0.002184	0.396158	0.309481	0.736656	-0.199105	-0.029541	0.012706	0.016029	0.329075	0.300196	0.772641
2021-07-29 06:20:11.000000 	264.000000	57.790719	-152.425436	347.300035	-0.035443	-0.022200	0.018994	0.343004	0.267947	0.637889	-0.158686	-0.025153	0.003272	0.038294	0.284933	0.259915	0.669035
2021-07-29 06:20:12.000000 	265.000000	57.790719	-152.425436	347.300035	-0.012227	-0.013786	-0.027855	0.382678	0.298930	0.711754	-0.207404	-0.029417	0.006561	-0.014390	0.317902	0.289975	0.746490
2021-07-29 06:20:13.000000 	266.000000	57.790719	-152.425436	347.300035	-0.031564	-0.003063	0.012971	0.315311	0.246297	0.586523	-0.148603	-0.017959	-0.011896	0.026643	0.261948	0.238925	0.615134
2021-07-29 06:20:14.000000 	267.000000	57.790719	-152.425436	347.300035	-0.032123	-0.004392	0.012631	0.388832	0.303716	0.723367	-0.186771	-0.019080	-0.010977	0.026948	0.323040	0.294633	0.758637
2021-07-29 06:20:15.000000 	268.000000	57.790719	-152.425436	347.300035	-0.030490	-0.018049	0.006213	0.321420	0.251052	0.598024	-0.154840	-0.026625	0.001885	0.024115	0.267045	0.243549	0.627170
2021-07-29 06:20:16.000000 	269.000000	57.790719	-152.425436	347.300035	-0.033545	-0.008132	-0.014038	0.377043	0.294488	0.701597	-0.192139	-0.035826	-0.008319	0.005978	0.313271	0.285694	0.735774
2021-07-29 06:20:17.000000 	270.000000	57.790719	-152.425436	347.300035	-0.016738	-0.020211	-0.005361	0.392532	0.306574	0.730502	-0.200826	-0.023326	0.010167	0.008359	0.326152	0.297428	0.766071
2021-07-29 06:20:18.000000 	271.000000	57.790719	-152.425436	347.300035	-0.036793	-0.019145	-0.002164	0.298504	0.233129	0.555580	-0.144646	-0.036246	-0.000062	0.020277	0.248035	0.226179	0.582619
2021-07-29 06:20:19.000000 	272.000000	57.790719	-152.425436	347.300035	-0.015846	-0.021470	-0.022353	0.408370	0.318922	0.760151	-0.216960	-0.032208	0.011696	-0.006129	0.339339	0.309422	0.797129
2021-07-29 06:20:20.000000 	273.000000	57.790719	-152.425436	347.300035	-0.036130	-0.011572	0.011597	0.237914	0.185796	0.442910	-0.107290	-0.025449	-0.006467	0.029738	0.197705	0.180266	0.464446
2021-07-29 06:20:21.000000 	274.000000	57.790719	-152.425436	347.300035	-0.026021	-0.039187	-0.007065	0.378171	0.295318	0.704101	-0.190613	-0.038630	0.022691	0.015985	0.314270	0.286535	0.738320
2021-07-29 06:20:22.000000 	275.000000	57.790719	-152.425436	347.300035	-0.029941	-0.023907	-0.008437	0.370856	0.289596	0.690562	-0.187064	-0.036316	0.007331	0.012906	0.308204	0.280990	0.724107
2021-07-29 06:20:23.000000 	276.000000	57.790719	-152.425436	347.300035	-0.015121	-0.024596	-0.020405	0.368223	0.287529	0.685736	-0.195275	-0.031850	0.014803	-0.004052	0.306027	0.278992	0.719031
2021-07-29 06:20:24.000000 	277.000000	57.790719	-152.425436	347.300035	-0.039106	-0.035142	0.003137	0.335985	0.262347	0.625772	-0.160385	-0.041421	0.013048	0.029801	0.279245	0.254564	0.656141
2021-07-29 06:20:25.000000 	278.000000	57.790719	-152.425436	347.300035	-0.023793	-0.021943	0.001656	0.355302	0.277422	0.661827	-0.176233	-0.025556	0.008437	0.018057	0.295312	0.269197	0.693931
2021-07-29 06:20:26.000000 	279.000000	57.790719	-152.425436	347.300035	-0.014455	-0.028161	-0.006941	0.344125	0.268686	0.641081	-0.176614	-0.025571	0.018271	0.007905	0.286034	0.260727	0.672165
2021-07-29 06:20:27.000000 	280.000000	57.790719	-152.425436	347.300035	-0.027338	-0.015376	0.014102	0.356031	0.277971	0.663336	-0.170129	-0.019009	0.000975	0.028642	0.295942	0.269744	0.695484
2021-07-29 06:20:28.000000 	281.000000	57.790719	-152.425436	347.300035	-0.017953	-0.017318	-0.027159	0.402122	0.313947	0.749297	-0.215354	-0.034723	0.007040	-0.010225	0.334267	0.304662	0.785593
2021-07-29 06:20:29.000000 	282.000000	57.790719	-152.425436	347.300035	-0.033525	-0.016968	0.027822	0.347930	0.271629	0.648393	-0.157792	-0.016960	-0.000478	0.043566	0.289232	0.263602	0.679787
2021-07-29 06:20:30.000000 	283.000000	57.790719	-152.425436	347.300035	-0.011295	-0.001929	-0.016276	0.392636	0.306520	0.731789	-0.207671	-0.017902	-0.003518	-0.007958	0.326408	0.297470	0.767204
2021-07-29 06:20:31.000000 	284.000000	57.790719	-152.425436	347.300035	-0.037422	-0.019011	0.019046	0.331292	0.258622	0.617528	-0.151961	-0.025360	-0.000471	0.038487	0.275422	0.250992	0.647400
2021-07-29 06:20:32.000000 	285.000000	57.790719	-152.425436	347.300035	-0.028855	-0.001439	0.004679	0.290878	0.227065	0.542259	-0.140351	-0.019711	-0.012082	0.017947	0.241834	0.220372	0.568477
2021-07-29 06:20:33.000000 	286.000000	57.790719	-152.425436	347.300035	-0.029516	-0.020736	-0.014414	0.431387	0.336738	0.804290	-0.221367	-0.037941	0.004717	0.006866	0.358666	0.326819	0.843159
2021-07-29 06:20:34.000000 	287.000000	57.790719	-152.425436	347.300035	-0.036168	0.002151	0.004189	0.325991	0.254458	0.607857	-0.156562	-0.024050	-0.018649	0.020102	0.271048	0.246969	0.637219
2021-07-29 06:20:35.000000 	288.000000	57.790719	-152.425436	347.300035	-0.029695	-0.025944	-0.007664	0.352611	0.275228	0.657570	-0.177116	-0.036518	0.009251	0.013946	0.293194	0.267134	0.689318
2021-07-29 06:20:36.000000 	289.000000	57.790719	-152.425436	347.300035	-0.034195	-0.020753	-0.029623	0.399102	0.311506	0.744355	-0.209874	-0.049564	0.002567	-0.003788	0.331865	0.302353	0.780276
2021-07-29 06:20:37.000000 	290.000000	57.790719	-152.425436	347.300035	-0.020951	-0.025352	0.002846	0.338563	0.264245	0.631516	-0.167550	-0.024126	0.012774	0.018562	0.281536	0.256487	0.661978
2021-07-29 06:20:38.000000 	291.000000	57.790719	-152.425436	347.300035	-0.025824	-0.039577	-0.018940	0.311216	0.242892	0.580573	-0.160871	-0.044964	0.023128	0.005941	0.258806	0.235767	0.608564
2021-07-29 06:20:39.000000 	292.000000	57.790719	-152.425436	347.300035	-0.023267	-0.020762	0.002873	0.334954	0.261411	0.624929	-0.165211	-0.024050	0.007634	0.018547	0.278558	0.253748	0.655045
2021-07-29 06:20:40.000000 	293.000000	57.790719	-152.425436	347.300035	-0.019877	-0.029126	-0.018549	0.376410	0.293754	0.702354	-0.197036	-0.036203	0.016617	0.000883	0.313046	0.285151	0.736184
2021-07-29 06:20:41.000000 	294.000000	57.790719	-152.425436	347.300035	-0.031108	-0.036152	0.006164	0.314368	0.245328	0.586656	-0.149931	-0.034205	0.017646	0.028833	0.261459	0.238149	0.614901
2021-07-29 06:20:42.000000 	295.000000	57.790719	-152.425436	347.300035	-0.021010	-0.029543	-0.005230	0.330166	0.257648	0.616208	-0.166609	-0.030117	0.016462	0.012791	0.274610	0.250114	0.645861
2021-07-29 06:20:43.000000 	296.000000	57.790719	-152.425436	347.300035	-0.002893	-0.011068	-0.031761	0.402638	0.314192	0.751553	-0.221890	-0.023434	0.008471	-0.022775	0.334901	0.305013	0.787702
2021-07-29 06:20:44.000000 	297.000000	57.790719	-152.425436	347.300035	-0.034667	-0.011754	0.030824	0.293265	0.228837	0.547462	-0.127732	-0.014174	-0.005628	0.045359	0.243938	0.222156	0.573783
2021-07-29 06:20:45.000000 	298.000000	57.790719	-152.425436	347.300035	-0.033013	-0.014066	-0.005305	0.494538	0.385879	0.923301	-0.249087	-0.033097	-0.002813	0.014579	0.411374	0.374623	0.967670
2021-07-29 06:20:46.000000 	299.000000	57.790719	-152.425436	347.300035	-0.023796	-0.006896	0.013312	0.204017	0.159186	0.380944	-0.092703	-0.013453	-0.004902	0.024208	0.169716	0.154546	0.399241
2021-07-29 06:20:47.000000 	300.000000	57.790719	-152.425436	347.300035	-0.031978	-0.003011	0.009691	0.504626	0.393724	0.942352	-0.247922	-0.019997	-0.012133	0.024051	0.419800	0.382259	0.987593
2021-07-29 06:20:48.000000 	301.000000	57.790719	-152.425436	347.300035	-0.027399	-0.014164	-0.002832	0.295662	0.230677	0.552190	-0.146352	-0.027606	-0.000128	0.014044	0.245972	0.223965	0.578687
2021-07-29 06:20:49.000000 	302.000000	57.790719	-152.425436	347.300035	-0.026627	-0.007766	-0.016275	1.309975	1.022014	2.446842	0.675895	-0.031687	-0.005442	0.000727	1.089863	0.992301	2.564200
2021-07-29 06:20:50.000000 	303.000000	57.790719	-152.425436	347.300035	-0.027067	-0.030572	0.003372	0.372885	0.290907	0.696575	-0.183096	-0.030477	0.014570	0.023185	0.310243	0.282457	0.729969
2021-07-29 06:20:51.000000 	304.000000	57.790719	-152.425436	347.300035	-0.015042	-0.015038	-0.012330	2.055531	1.603575	3.840312	-1.064277	-0.023743	0.006367	0.000385	1.710287	1.557030	4.024330
2021-07-29 06:20:52.000000 	305.000000	57.790719	-152.425436	347.300035	-0.032265	-0.025267	-0.023547	0.305010	0.237938	0.569909	-0.158410	-0.046646	0.007461	0.001555	0.253791	0.231038	0.597205
2021-07-29 06:20:53.000000 	306.000000	57.790719	-152.425436	347.300035	-0.030812	-0.020855	0.016833	0.300886	0.234714	0.562268	-0.138893	-0.022305	0.004223	0.033946	0.250370	0.227912	0.589185
2021-07-29 06:20:54.000000 	307.000000	57.790719	-152.425436	347.300035	-0.037745	-0.026411	-0.023289	0.460984	0.359590	0.861543	-0.237908	-0.051066	0.005939	0.004645	0.383605	0.349179	0.902767
2021-07-29 06:20:55.000000 	308.000000	57.790719	-152.425436	347.300035	-0.018899	-0.029016	-0.017800	0.321476	0.250759	0.600882	-0.168310	-0.035027	0.016971	0.001028	0.267526	0.243504	0.629620
2021-07-29 06:20:56.000000 	309.000000	57.790719	-152.425436	347.300035	-0.017313	-0.035794	0.012256	0.413535	0.322557	0.773042	-0.202362	-0.020471	0.023714	0.027381	0.344150	0.313233	0.809996
2021-07-29 06:20:57.000000 	310.000000	57.790719	-152.425436	347.300035	-0.029629	-0.016496	-0.009479	0.313223	0.244305	0.585590	-0.157651	-0.033735	0.000907	0.010048	0.260679	0.237249	0.613570
